3175 4817
732 295 737 306 ’
829 325 851 388 o

803 574 884 651 53.

330 763 333 768 <
379 717 437 785 Sed
460 716 591 800 perfectu
615 723 645 781 et
667 716 810 780 orationis
842 723 872 779 et
899 715 1122 797 compositionis
1151 722 1214 778 arte
1244 732 1410 794 monemur,

275 838 308 895 ut
328 848 367 894 nc
388 831 420 894 in
442 829 536 894 torma
558 828 677 911 quidem
700 826 860 911 quidquam
882 826 918 890 ad
942 824 1135 909 perfectionis
1157 826 1274 890 leudem
1298 826 1412 892 deesse

275 961 312 1008 ac
329 944 394 1008 iura
416 941 575 1005 desiderari
597 938 807 1004 concedamus.
852 938 937 1012 Quae
959 937 1033 1016 laus,
1054 939 1081 1002 si
1102 937 1215 1001 illarum
1238 937 1277 1002 de
1300 939 1409 1020 quibus

277 1054 415 1136 quaestio
437 1061 484 1116 est
505 1051 683 1134 syllabarum
705 1052 782 1114 ratio
806 1067 864 1113 non
886 1049 1029 1126 hebetur,
1050 1066 1191 1112 versuum
1214 1052 1408 1114 constructio·

275 1183 343 1229 nem
364 1163 482 1227 minima
504 1161 616 1239 deficit,
637 1162 726 1225 irnmo
749 1162 873 1224 maxima
895 1162 924 1224 in
947 1163 991 1225 eis
1013 1178 1065 1224 ars
1086 1160 1181 1223 oculis
1202 1162 1311 1224 nostris
1334 1160 1406 1224 sul>-

274 1276 381 1341 iioitur.
411 1274 512 1348 Quare
534 1292 550 1339 a
574 1292 647 1338 vero
670 1272 747 1337 haud
769 1273 915 1338 absonum
937 1274 995 1336 orit
1016 1272 1153 1354 accipere
1176 1271 1222 1334 iila
1246 1273 1274 1335 in
1297 1289 1408 1352 proso-

276 1387 351 1451 diam
372 1394 493 1470 peccata
517 1385 642 1450 librariis
666 1384 783 1450 deberi.
807 1385 921 1448 Etenim
943 1392 1012 1466 pest
1032 1383 1185 1466 praeclara
1208 1383 1257 1447 illa
1272 1383 1319 1446 Fr.
1329 1386 1408 1468 Aug.

276 1498 378 1562 Woliii
399 1497 613 1581 prolegomena
635 1512 722 1560 nemo
743 1498 800 1560 nisi
823 1497 924 1578 quiin
947 1514 1060 1559 summa
1082 1495 1185 1558 harum
1207 1512 1309 1557 reruni
1332 1512 1406 1558 uer·

275 1617 358 1673 satur
378 1610 566 1693 ignoratione
587 1609 700 1686 nescit,
729 1627 817 1689 quarn
847 1607 971 1671 formam
999 1625 1077 1669 nunc
1100 1607 1227 1671 carmina
1251 1607 1410 1671 Homerica

275 1721 419 1801 habeant,
447 1740 513 1785 eam
542 1720 579 1784 ab
601 1719 813 1784 Alexandrinis
840 1721 948 1785 criticis
978 1720 1161 1802 constitutam
1193 1737 1274 1797 esse,
1304 1736 1408 1799 neque

280 1841 370 1897 ortem
392 1833 521 1896 criticam
544 1831 619 1894 ultra
642 1830 805 1895 Aristarchi
827 1831 1033 1914 recensionem
1060 1830 1181 1915 regredi
1203 1847 1303 1913 posse.
1348 1829 1410 1894 Sed

276 1961 317 2008 ne
340 1944 492 2024 exprimo
514 1941 634 2023 quidem
657 1941 704 2005 illa
727 1943 793 2006 sive
806 1943 944 2006 Pisistrati
967 1942 1032 2005 sive
1044 1941 1202 2023 Hipparchi
1221 1942 1410 2021 recensione,

278 2056 307 2122 si
328 2056 440 2132 liceret,
462 2071 526 2116 eam
548 2041 706 2117 carminum
731 2052 854 2117 turmam
876 2053 995 2117 haurne
1007 2053 1185 2129 valeremus,
1209 2071 1295 2135 quam
1313 2052 1412 2116 adivo

278 2176 348 2233 vate
369 2172 558 2248 acceperunt
579 2166 652 2229 Nam
675 2183 849 2246 quamquam
872 2164 1029 2243 Nitzschio,
1051 2165 1225 2243 walchero,
1248 2165 1313 2228 aliis
1334 2180 1409 2226 con·

278 2278 388 2343 cedere
411 2277 563 2357 debemus,
584 2284 675 2341 artem
696 2277 844 2341 scribendi
866 2277 923 2341 iam
946 2277 1115 2361 longaante
1128 2276 1271 2340 Pisistrati
1293 2284 1412 2356 tenipus

277 2388 308 2453 in
329 2408 386 2454 usu
407 2389 512 2468 fuisse,
532 2395 628 2451 tamen
650 2387 775 2453 Wolfius
798 2390 870 2453 satis
892 2389 980 2452 muita
1002 2390 1168 2453 testimonia
1190 2390 1324 2452 attulisse
1339 2386 1410 2450 milri

278 2500 408 2581 videtur,
429 2519 447 2565 a
469 2498 626 2581 rhapsodis
649 2500 833 2579 potissimum
855 2501 984 2564 carmina
1007 2502 1163 2564 llomerica
1186 2517 1256 2563 esse
1278 2507 1415 2585 servatas

278 2611 380 2695 ltaque
402 2611 573 2696 intelligitur
595 2612 670 2675 haec
691 2612 840 2690 carmina,
869 2621 1023 2694 antequam
1053 2612 1159 2676 litteris
1181 2611 1316 2675 mundata
1342 2611 1413 2688 sint,

277 2724 382 2789 multas
405 2723 534 2787 subiisse
555 2724 744 2803 mutationes,
767 2742 856 2805 quum
879 2723 996 2805 quidem
1017 2724 1117 2808 lingua
1132 2725 1195 2806 ipsa
1210 2723 1267 2787 illis
1282 2723 1414 2787 saeculis

278 2835 399 2900 Homeri
428 2842 555 2899 sentem
585 2835 767 2900 aPisistrati
798 2844 931 2919 tempore
962 2836 1194 2922 disiungentibus
1221 2836 1340 2900 omnino
1371 2835 1410 2898 sit

279 2956 398 3014 munta.
439 2948 512 3011 Nam
535 2947 615 3028 quod
644 2949 675 3010 in
703 2947 839 3012 omnibus
867 2947 933 3011 fera
959 2948 1067 3031 linguis
1100 2949 1291 3025 observatur,
1319 2965 1408 3028 quum

172 3062 177 3071 ’
279 3059 426 3142 principio
448 3060 603 3124 severiora
624 3065 654 3122 et
674 3060 816 3142 graviore
836 3076 942 3122 vocum
972 3076 1049 3123 souo
1076 3067 1211 3139 utuntur,
1240 3060 1353 3122 cultura
1377 3067 1408 3123 et

279 3172 458 3236 commercio
480 3175 661 3254 augescente
682 3171 826 3235 maiorem
852 3172 883 3233 in
911 3172 955 3235 eis
986 3171 1170 3234 invalescere
1199 3171 1409 3234 volubilitatem

279 3281 500 3365 levitatemque,
519 3281 561 3362 id,
583 3283 665 3345 utin
686 3290 790 3347 nostru
814 3290 844 3347 et
865 3283 1028 3365 praecipue
1048 3283 1191 3347 inLatina
1213 3282 1313 3368 lingua
1335 3301 1411 3366 par·

278 3394 414 3476 spicitur,
436 3396 474 3458 itu
497 3395 583 3458 etiam
605 3392 684 3475 apud
706 3394 842 3458 Graecos
864 3393 1004 3458 latissime
1027 3396 1161 3476 patuisse
1183 3394 1407 3458 existimandum

279 3511 336 3568 est.
357 3503 421 3568 dam
443 3525 499 3589 qua
520 3524 598 3569 nunc
619 3504 714 3569 forma
736 3513 806 3570 sunt
827 3506 956 3569 carmina
978 3506 1132 3569 Homerica
1145 3505 1324 3570 lectitantem
1336 3506 1410 3569 eliu·

280 3633 357 3700 gere
378 3619 489 3700 nequit,
512 3637 646 3703 magnam
667 3618 744 3680 inter
765 3616 841 3680 hanc
862 3624 893 3680 at
914 3619 1090 3699 posterioris
1101 3620 1207 3683 aetatis
1219 3619 1348 3703 linguam
1362 3620 1416 3681 in-

280 3727 439 3792 tercedere
467 3728 669 3794 differentiam.
714 3728 808 3802 onam
834 3727 956 3813 linguae
985 3732 1172 3794 mutationem
1200 3730 1354 3813 plurimum
1381 3731 1411 3795 iu

283 3838 455 3923 prosodiam
476 3841 607 3917 voluisse
641 3840 723 3905 credi
749 3839 848 3903 debet.
891 3842 966 3904 Nam
989 3860 1077 3923 quum
1106 3850 1137 3906 et
1163 3841 1271 3905 multas
1293 3842 1413 3906 vocales

284 3959 390 4017 natura
411 3950 522 4035 longae
551 3953 660 4017 sensim
688 3953 913 4034 corriperentur
943 3961 973 4017 et
999 3955 1109 4019 multae
1139 3971 1309 4030 consonae,
1336 3970 1414 4035 quac

255 4133 258 4138 ,
283 4062 434 4128 rudiorem
457 4063 603 4146 quendam
624 4082 728 4128 sonum
751 4063 927 4129 viderentur
948 4064 1058 4146 edere,
1079 4066 1284 4144 obiicerentur,
1306 4065 1415 4130 factum

291 4181 341 4237 est
361 4182 394 4238 ut
414 4174 557 4258 syllabae,
579 4193 656 4257 quae
677 4175 798 4239 Homeri
819 4183 917 4240 aetate
938 4186 988 4241 aut
1009 4177 1120 4242 vocalis
1142 4186 1245 4242 natura
1267 4185 1318 4241 aut
1339 4177 1418 4240 dua·
1469 4223 1474 4230 κ
