3175 4817
749 310 791 382 36

209 480 388 567 δεισάντων,
408 474 587 571 βροντήσας
607 483 645 552 δὲ
666 479 778 571 δεινόνς
799 481 882 554 ἔνθα
905 476 1019 569 δεινόν,
1040 489 1130 553 θεῶν
1149 482 1186 550 δὲ
1203 481 1341 552 δείσατε.

208 602 306 683 Saepe
337 607 436 664 autem
463 601 645 685 grammatici
675 600 798 665 sormam
827 609 1004 666 contractam
1035 600 1252 678 dissolverunt,
1281 618 1341 681 quo

213 712 289 777 duae
310 712 421 776 breves
443 712 577 795 syllabae
598 720 666 776 ante
688 713 764 775 hanc
785 712 915 777 radicem
938 721 1130 796 ponerentur,
1152 712 1341 777 σ111.0626

208 813 340 906 dripere
361 819 398 887 δὲ
419 815 544 902 δεινός,
569 845 586 886 ν
610 816 689 900 163,
710 823 766 889 0d.
787 825 812 905 β
836 823 898 889 166
920 809 988 891 ἅπὸ
1008 820 1043 889 ἕο
1067 823 1170 901 δεῖσε,
1192 832 1222 887 et
1242 825 1342 888 corri-

210 935 339 1021 gendum
363 943 409 1000 est
431 927 552 1018 α’νέμου
573 930 610 999 δὲ
633 925 747 1016 δεινός,
769 921 839 1001 σῖπό
859 932 892 1001 οἱ
913 935 1011 1002 δεῖσε.
1034 938 1108 1000 Tum
1131 937 1180 1000 ille
1202 937 1286 1000 locus
1307 936 1341 1003 ll.

208 1046 311 1132 pttr,
332 1066 392 1129 quo
414 1049 566 1129 correptio
588 1038 883 1132 inadieotirooidap'e
897 1050 1093 1132 conspicitura
1116 1046 1208 1132 εἴπερ
1230 1034 1342 1132 ἀδειής

209 1153 350 1224 ἐστικαὶ
371 1153 402 1223 εἰ
422 1148 530 1240 μόθου
551 1148 616 1223 e’or‘
637 1150 793 1247 α’κόρηεσς
815 1162 851 1223 ab
870 1162 1017 1225 llhrensio
1037 1169 1122 1225 recte
1135 1163 1173 1224 ita
1189 1161 1341 1224 restitutus

209 1280 270 1336 est:
301 1269 394 1358 εἴπερ
415 1263 575 1355 ε’σῖδδειής
595 1265 680 1335 uniet
703 1273 774 1355 (pro
795 1268 852 1335 καὶ
872 1261 938 1344 olel]
960 1264 1070 1354 μόθου
1090 1265 1156 1339 ἐστ’
1177 1263 1341 1357 α’κδρητος.

209 1383 285 1449 Nam
307 1392 429 1466 praeter
451 1402 709 1464 superuacaneum
731 1377 799 1449 ἐστι’
822 1383 943 1447 ollendit
969 1385 1143 1449 indicativus
1172 1393 1241 1468 post
1270 1404 1341 1466 par·

213 1497 328 1584 ticulum
351 1493 443 1580 clareo
466 1498 496 1558 in
516 1496 609 1559 rebus
630 1495 758 1559 nondum
781 1497 949 1577 praeteritis
971 1497 1134 1572 adhibitus,
1156 1516 1243 1578 quam
1265 1515 1340 1562 con·

211 1614 292 1671 stans
314 1608 435 1671 Homeri
457 1626 530 1671 usus
552 1608 668 1688 respuit
679 1602 717 1681 ¹).
749 1609 887 1688 Denique
908 1608 944 1671 ad
966 1608 1090 1673 formam
1112 1605 1242 1675 δεδίασι
1262 1609 1295 1673 ll.
1315 1630 1343 1672 ω

210 1714 273 1784 663
297 1719 380 1800 quod
401 1719 505 1784 attinet
527 1718 680 1782 dicendum
703 1728 759 1797 est,
781 1728 965 1801 postremum
987 1720 1085 1785 lliadis
1099 1721 1202 1785 librum
1218 1721 1342 1784 amultis

212 1831 323 1895 criticis
345 1832 475 1894 Homero
499 1831 669 1895 abiudicari.

312 1942 372 2008 Sed
395 1945 491 2007 omnis
513 1943 664 2008 difficultas
687 1944 810 2007 metrica
827 1943 947 2018 tollitur,
969 1944 995 2006 si
1010 1946 1228 2009 cumDawesio
1241 1944 1342 2018 (ldisc.

212 2055 276 2117 crit.
298 2071 328 2136 p.
353 2051 443 2134 165),
464 2056 639 2119 Buttmanno
662 2054 735 2126 (lex.
757 2053 779 2117 l.
806 2053 879 2132 111,
901 2073 948 2139 gr.
971 2073 998 2137 p.
1024 2057 1057 2130 7)
1080 2063 1111 2119 et
1132 2055 1266 2139 Benieyo
1288 2054 1340 2128 (ll.

209 2162 290 2241 22d)
319 2167 459 2248 ponimus
488 2168 614 2248 antiquis
642 2166 825 2249 temporibus
854 2168 930 2230 lranc
958 2159 1079 2250 stirpem
1108 2168 1250 2251 digamma
1273 2173 1342 2248 post

210 2274 362 2342 dinitiale
381 2278 529 2342 habuisse.
576 2277 663 2352 Quod
685 2277 828 2362 digamma
850 2298 884 2343 re
906 2298 977 2342 vera
1000 2286 1067 2360 post
1089 2281 1211 2362 primam
1233 2279 1341 2342 radicis

210 2389 335 2453 litteram
357 2392 483 2473 positum
507 2390 601 2453 luisse
624 2390 712 2455 docet
733 2390 875 2473 Hesychii
885 2388 1005 2473 glossa:
1027 2383 1210 2479 δεδρωκώς,
1233 2389 1341 2455 δεδοι-

209 2492 275 2577 κώς
295 2501 438 2588 Κρῆτες,
467 2505 514 2566 cui
537 2502 607 2565 nihii
630 2503 817 2584 corruptelae
846 2503 974 2567 subesse
1005 2504 1093 2567 docet
1121 2505 1176 2567 alia
1200 2502 1340 2586 Hesychii

209 2613 312 2697 glossa
333 2610 408 2698 rpe',
436 2632 474 2679 σε
503 2616 578 2688 (Set
601 2619 675 2690 tva).
720 2616 792 2679 Nam
815 2617 843 2678 in
867 2617 913 2679 his
936 2616 1040 2680 formis
1061 2639 1081 2701 p
1111 2636 1149 2679 ex
1178 2613 1214 2676 F
1240 2622 1340 2678 uatum

210 2744 288 2801 esse,
318 2725 489 2791 doctissime
511 2727 640 2791 ostendit
662 2728 793 2809 Boppius
823 2732 888 2812 (gr.
910 2746 1006 2810 comp.
1031 2735 1060 2804 ς.
1084 2727 1154 2801 20).
1198 2728 1272 2790 Tum
1293 2725 1343 2787 di-

212 2855 324 2922 gamma
340 2819 449 2920 postd
470 2839 597 2920 positum
619 2838 712 2903 luisse
734 2859 773 2903 ex
795 2858 833 2903 eo
856 2841 1008 2921 sequitur,
1039 2840 1119 2921 quod
1142 2857 1234 2903 voces
1256 2840 1341 2902 eius-

211 2949 279 3014 dem
301 2949 410 3013 radicis
432 2952 462 3013 in
484 2952 619 3035 cognatis
629 2951 739 3035 linguis
756 2953 901 3034 digamma
918 2961 1047 3016 utuntur.
1070 2952 1241 3034 Respondet
1263 2951 1342 3014 euim

209 3057 282 3137 δέος
318 3070 349 3125 et
384 3056 442 3125 cto
471 3063 653 3126 Sanscriticis
688 3064 841 3126 uocabulis
872 3054 1018 3141 ‚‚dves‘a“
1041 3073 1071 3128 et
1099 3052 1223 3141 ‚,dris“‘,
1261 3079 1341 3142 quae

211 3173 382 3238 simillimam
394 3174 638 3258 significationem
660 3174 720 3240 odii
742 3176 853 3241 habent
875 3178 1163 3260 (ci.Leolleyerin
1175 3172 1342 3259 36116611

210 3283 271 3348 Vll.
297 3283 387 3358 195).
426 3287 537 3350 Verum
561 3287 619 3351 hae
641 3306 732 3352 voces
754 3288 815 3352 Sci.
836 3290 982 3373 originem
1006 3289 1116 3353 ducunt
1137 3307 1175 3352 ex
1197 3286 1342 3350 numerali

210 3394 307 3476 „dvi“
331 3397 454 3471 (them.)
476 3400 549 3479 duo,
570 3407 602 3464 ut
623 3401 797 3484 primigenia
819 3419 919 3464 earum
941 3403 1022 3465 notio
1044 3420 1113 3465 esse
1135 3400 1269 3466 videatur
1290 3400 1341 3479 „in

209 3506 286 3578 duas
307 3518 407 3590 partes
428 3510 504 3576 ira“.
548 3512 595 3575 Ex
617 3530 674 3594 qua
696 3518 727 3574 ut
748 3513 794 3575 ris
822 3514 882 3575 odii
911 3514 994 3576 nasci
1024 3521 1155 3594 poterat,
1185 3515 1222 3577 ita
1253 3513 1341 3576 etiarn

209 3622 323 3685 timoris
345 3620 590 3705 significationem
619 3624 770 3708 prodiisse
793 3625 862 3687 licet
893 3624 1028 3689 credere.
1072 3624 1173 3706 ltaque
1196 3633 1225 3688 et
1246 3626 1342 3706 ipsum

209 3732 425 3798 substantivum
449 3730 561 3813 ,,δε’σς“
583 3744 612 3799 et
631 3737 754 3801 verbum
777 3733 881 3814 ,,δι’ω“
904 3756 944 3800 ex
965 3738 1140 3820 primigenia
1167 3745 1196 3800 et
1227 3738 1343 3820 integra

208 3844 304 3909 iorma
326 3847 487 3910 numeralis
510 3839 580 3911 δύω
603 3848 736 3913 ducenda
759 3841 905 3915 uidentur.
949 3850 1031 3914 llaec
1063 3857 1160 3913 autem
1184 3848 1342 3931 purissima

314 4101 342 4168 1)
361 4099 472 4162 (turtum
488 4103 554 4167 loci,
571 4104 615 4172 qai
632 4102 795 4156 indicativam
818 4103 954 4171 praebent,
977 4104 1010 4157 ab
1026 4103 1146 4156 dhreurio
1167 4111 1209 4155 aut
1226 4103 1343 4171 explicati

214 4204 255 4247 aut
271 4199 351 4250 sanati
369 4206 435 4253 saut.
469 4197 560 4252 llcstm
577 4196 635 4251 loco
652 4193 702 4249 ἔστ’
718 4215 763 4266 pro
781 4197 847 4248 ἔσται
864 4200 970 4267 positum
987 4207 1032 4251 ese
