3175 4817
758 312 779 380 9

206 494 285 566 sent,
306 486 492 571 grammatica
515 486 679 571 linguarum
702 494 895 572 cognatmum
917 488 1114 568 comparativa
1136 489 1225 554 certis
1242 487 1337 552 dccet

190 599 399 684 argumentis,
420 597 452 659 in
475 599 610 663 omnibus
632 599 741 684 linguis
763 615 871 663 vocum
893 597 1012 663 radicas
1033 616 1255 679 concrescere,
1276 600 1335 663 im·

134 783 136 788 ⁸
204 727 254 774 mo
276 709 424 774 debilitari
447 718 479 775 et
500 710 656 776 decurtari.
697 711 774 776 Nam
796 718 829 774 ut
858 709 997 792 exemplo
1027 718 1106 791 utar,
1134 713 1211 776 siin
1232 712 1335 795 lingua

203 820 383 887 ¹Sanscritica
404 822 534 886 radicem
556 822 665 903 „vas“,
687 822 717 885 in
739 823 840 886 Latina
859 820 957 901 „ves“
979 823 1138 901 (ves-tis),
1158 824 1188 887 in
1211 823 1334 890 Galbina

201 932 466 1015 „vas“(tas-jan)
489 951 556 996 cum
577 935 699 997 notione
720 934 867 998 vestiendi
888 934 1065 1013 invenimus,
1087 934 1211 998 dubitari
1220 935 1335 1017 nequit,

204 1047 275 1129 puin
297 1045 411 1110 Graeca
433 1045 519 1109 radix
540 1039 636 1124 ,,ἑ’σ-“
658 1040 780 1126 [tecvm
807 1064 846 1109 ex
867 1040 1010 1126 sta-svm)
1033 1064 1071 1108 ex
1092 1044 1187 1109 forma
1209 1041 1336 1124 ,Fsc-“

202 1156 354 1222 debilitata
377 1158 424 1220 sit.
468 1155 578 1238 ltaque
592 1157 618 1219 si
646 1157 762 1221 radices
785 1158 915 1221 Graecas
944 1157 981 1220 ab
1011 1174 1070 1220 una
1092 1174 1224 1221 consona
1245 1157 1297 1221 vel
1311 1176 1335 1222 ιι

205 1270 301 1333 vocali
323 1269 456 1351 incipere
478 1268 631 1347 ridemus,
660 1287 751 1350 quum
777 1268 901 1334 eaedem
922 1269 1030 1351 stirpes
1051 1269 1081 1330 in
1102 1268 1166 1332 aliis
1187 1268 1297 1353 linguis
1318 1288 1335 1333 a

201 1380 279 1445 binis
308 1381 447 1444 consonis
476 1378 690 1458 exordiantur,
728 1378 885 1444 dicendum
915 1389 972 1457 est,
1004 1380 1133 1444 Graecas
1160 1380 1272 1446 formas
1290 1398 1336 1444 ex

203 1493 269 1558 aliis
291 1492 406 1558 duabm
429 1493 570 1556 consonis
592 1493 759 1570 iconentis,
789 1510 867 1574 quae
894 1492 924 1555 in
946 1493 1053 1555 ceteris
1075 1489 1183 1577 linguis
1205 1510 1334 1557 conscr-

201 1610 290 1668 uatae
312 1605 381 1683 siut,
403 1604 565 1685 prodiisse.

307 1715 366 1780 Sed
388 1715 513 1780 forsitan
536 1716 604 1797 quis
626 1715 742 1796 dixerit,
764 1734 799 1780 se
819 1714 936 1778 nescire
955 1722 1079 1795 practer
1100 1714 1217 1800 linguas
1228 1714 1348 1780 classi--

203 1846 260 1892 cas
282 1845 362 1909 quac
385 1827 524 1891 dicuntur
543 1836 574 1891 et
591 1829 717 1910 patriam
740 1825 975 1909 aliamlinguam.
997 1826 1103 1909 Neque
1114 1844 1188 1891 vero
1199 1844 1276 1909 opus
1288 1833 1336 1891 est

202 1940 336 2002 omnium
349 1938 453 2002 barum
465 1938 632 2023 linguarum
653 1940 803 2023 cogniti03
825 1956 891 2002 uam
913 1940 939 2002 si
961 1939 1027 2022 quis
1049 1956 1108 2001 non
1131 1939 1243 2003 dubitat
1264 1939 1335 2020 quin

203 2068 299 2116 voces
329 2049 541 2129 Sanscriticae,
570 2031 721 2130 Slavicae,
751 2049 892 2115 Gothicae
919 2068 992 2113 vere
1014 2050 1062 2114 illa
1083 2049 1178 2113 dorma
1207 2057 1335 2127 utantur,

202 2180 291 2244 quam
313 2163 370 2227 viri
391 2162 505 2226 illarum
526 2161 690 2246 linguarum
713 2164 801 2245 periti
822 2162 858 2226 iis
885 2161 1060 2239 attribuunt,
1090 2163 1116 2225 is
1145 2161 1232 2225 facile
1253 2160 1335 2225 iudi·

202 2292 276 2338 carc
297 2281 408 2356 potest,
426 2292 500 2338 num
522 2281 605 2338 recte
627 2275 656 2337 in
671 2275 800 2340 Graecas
822 2273 999 2339 vellatiuas
1022 2291 1111 2336 voces
1132 2272 1336 2337 concludatur.

202 2385 312 2449 Verum
333 2385 389 2449 hac
410 2386 441 2447 in
461 2404 496 2450 rc
518 2385 589 2450 nihil
611 2386 708 2451 obstat
728 2387 884 2468 quominus
905 2387 977 2449 viris
999 2385 1093 2449 doctis
1114 2384 1200 2449 fidem
1222 2384 1335 2449 babea-

203 2516 279 2562 mus.
311 2498 385 2562 Nam
407 2498 438 2561 ia
460 2497 525 2561 aliis
548 2515 668 2578 quoque
690 2497 851 2579 disciplinis
882 2515 919 2561 ca
949 2516 1025 2580 quae
1047 2496 1174 2561 aberunt
1195 2498 1335 2578 accipere

203 2607 357 2689 debemus,
378 2617 410 2673 ut
432 2608 543 2673 codicis
566 2608 709 2689 collatori,
730 2608 876 2674 lectiones
897 2610 975 2676 bene
996 2615 1113 2671 uotatm
1135 2625 1221 2684 esse,
1243 2616 1336 2691 topo-

202 2720 329 2806 graphc,
349 2728 496 2785 terrarum
519 2722 606 2784 situm
628 2720 706 2785 bene
727 2720 866 2786 describi.

721 2919 758 2990 §0
780 2920 811 2985 5.

308 3054 339 3119 l.
359 3054 407 3121 Ex
420 3054 481 3120 illis
502 3072 577 3120 vcro
601 3031 741 3120 lontibus¹
755 3054 949 3120 dernomtrari
965 3061 1080 3137 potest,
1098 3052 1231 3118 Graecm
1258 3053 1336 3116 anti-

197 3166 471 3248 quismmpordras
492 3166 687 3231 remanentes
707 3168 822 3249 sonosj
837 3175 869 3232 ct
886 3165 1057 3244 cedidisse,
1079 3184 1155 3247 quas
1168 3166 1335 3230 nobismo-

204 3277 247 3340 ris
269 3284 317 3340 est
338 3285 449 3342 utnon
470 3277 566 3343 solum
589 3280 839 3361 pronuntiatione,
861 3278 917 3344 sed
939 3279 1024 3341 etiam
1047 3280 1193 3360 scriptura
1214 3277 1250 3340 ab
1273 3279 1283 3340 i
1302 3284 1336 3341 st

201 3406 226 3453 u
246 3387 400 3452 vocalibus
423 3389 646 3476 distinguamus.
690 3392 788 3473 Atque
810 3392 934 3472 primum
957 3390 1073 3472 quidem
1094 3389 1105 3453 i
1126 3388 1336 3454 semivocalem

202 3502 231 3564 in
253 3501 336 3564 initio
358 3518 465 3563 vocum
487 3520 581 3584 saepe
602 3520 753 3567 consonae
782 3504 850 3569 vice
880 3502 1012 3566 iunctam
1038 3485 1123 3581 csso,
1152 3504 1210 3567 iam
1233 3519 1335 3567 exeo

202 3611 326 3697 intelligi
347 3619 465 3694 potest,
493 3614 574 3696 quod
604 3614 720 3680 inaliis
742 3633 862 3698 quoqne
884 3615 994 3701 linguis
1017 3633 1055 3680 eo
1083 3615 1154 3679 loco
1175 3632 1335 3679 consonae

202 3724 262 3787 rim
284 3726 313 3786 in
337 3741 371 3788 se
394 3724 509 3805 recipit.
530 3725 641 3791 Verum
663 3729 774 3792 sensim
783 3727 969 3793 Graecinum
983 3728 1016 3791 in
1037 3728 1171 3809 spiritum
1194 3744 1336 3808 asperata

200 3842 392 3900 munerant
404 3831 443 3917 ¹),
461 3854 523 3919 quc
545 3835 656 3901 lactum
679 3847 728 3903 est
748 3847 780 3903 nt
799 3847 908 3921 postea
925 3838 1039 3902 nullum
1061 3836 1194 3902 Graecae
1210 3838 1335 3920 linguae

303 4092 333 4160 1)
352 4092 426 4146 llulta
442 4092 514 4148 buius
532 4094 672 4148 mundanis
690 4093 805 4162 mompli
823 4095 895 4148 allart
912 4094 1017 4149 Αὶιιοιιι
1037 4094 1068 4148 dc
1086 4093 1146 4148 dial
1163 4093 1189 4158 8.
1206 4093 1249 4155 64,
1267 4090 1335 4148 Cur·

203 4186 252 4238 dns
269 4201 354 4255 praec.
372 4193 447 4255 atym.
463 4186 626 4242 fundamenta
643 4204 669 4243 ιι.
686 4189 833 4245 606-609.
