3175 4817
728 326 775 393 132

289 499 448 564 landum
472 517 494 563 s
515 501 621 564 manat
640 500 670 564 in
692 495 953 584 nomina'proprio
974 494 1208 587 Σκαπτησύλη,
1237 501 1324 584 quod

186 609 276 675 habet
297 611 485 676 Marcellinus
507 612 558 675 vit
581 611 713 693 uluoyd
737 620 769 676 at
789 612 961 678 llarodotus
983 613 1030 678 vl.
1053 615 1112 692 lo,
1135 631 1225 697 qnam
1246 615 1318 680 Ste-

185 722 306 806 mama
324 720 447 806 Byzant.
467 722 590 786 tonnam
610 712 747 807 Σκωπῆ
768 710 828 807 ὕλη
850 721 963 789 alferat.
985 726 1084 789 tanna
1106 728 1173 791 eius
1188 725 1316 791 nominis

185 833 282 899 iorma
303 835 498 917 Scaptensula
521 853 582 915 „en
603 834 704 900 ultima
725 835 919 916 antiquilate⁰⁸
941 838 1049 901 mansit
1070 837 1123 913 (cl.
1141 838 1317 902 Lachmann.

185 945 222 1011 ad
243 947 331 1012 Lacr.
353 947 401 1012 vt.
423 944 523 1022 ΒΕΘ).

340 1097 478 1185 ὅθος-
502 1109 563 1175 S'ct
591 1107 689 1184 sad(
673 1107 812 1184 (irc)-
773 1108 874 1174 -ot
897 1109 1019 1175 Curtius
1048 1110 1094 1178 Et
1118 1111 1168 1178 Gr.
1190 1130 1222 1175 u.
1244 1099 1337 1177 281.'

340 1216 486 1287 ἅττα-
508 1222 567 1287 Set
589 1227 756 1302 saptau—
780 1221 844 1287 Lat
866 1229 980 1305 septem
1002 1254 1046 1269 —
1068 1221 1155 1288 Goth.
1178 1223 1277 1288 sibun.

339 1321 398 1414 ἦμι
422 1361 460 1376 -·
482 1331 542 1397 Sct.
564 1332 636 1395 simi
660 1363 699 1376 ω-
721 1331 788 1397 Lat.
811 1335 895 1398 semi.

287 1494 319 1560 lu
342 1514 419 1560 voce
441 1492 502 1570 σῦς
524 1497 655 1579 sigmatis
677 1497 707 1559 in
737 1497 870 1577 spiritum
893 1514 1037 1579 asperum
1056 1500 1174 1562 mutatio
1196 1498 1318 1562 Homeri

184 1615 320 1689 tempore
342 1607 419 1671 lacta
442 1625 512 1670 esse
534 1606 678 1687 videtur,
704 1625 794 1688 quum
825 1615 947 1689 praeter
968 1608 1095 1673 formam
1115 1606 1176 1685 σῦς
1197 1610 1329 1691 saepis-¹

187 1719 261 1785 sime
284 1720 339 1783 alia
362 1701 402 1793 ig
424 1719 601 1784 inveniatur.
633 1719 694 1785 Sed
716 1718 781 1783 lieri
803 1722 908 1800 potuit,
930 1705 961 1784 ut
984 1722 1111 1802 antiquis
1134 1721 1317 1802 temporibus

185 1832 292 1895 multae
314 1850 407 1895 voces
431 1851 447 1896 a
473 1834 525 1895 oF
553 1831 728 1913 inciperent.
773 1831 856 1894 Hanc
883 1851 958 1896 vero
986 1833 1148 1896 litterarum
1171 1833 1319 1895 coniunc-

188 1941 297 2007 tionem
320 1959 409 2025 quum
438 1943 615 2025 posterioris
645 1944 750 2007 aetatis
776 1942 874 2027 lingna
906 1944 992 2026 plane
1019 1952 1197 2026 respueret,
1225 1942 1318 2007 altera

187 2055 274 2119 adiici
296 2055 379 2119 solita
401 2064 458 2136 est,
480 2072 541 2136 quo
564 2054 671 2119 lactum
695 2063 796 2119 estut
818 2055 994 2139 digammate
1009 2076 1026 2119 e
1040 2055 1317 2139 communilinguao

187 2185 243 2231 usu
264 2175 380 2232 remoto
403 2177 435 2233 et
455 2170 579 2253 sigmate
608 2170 638 2229 in
660 2168 793 2250 spiritum
815 2186 954 2250 asperum
976 2175 1085 2231 mutato
1107 2185 1198 2231 voces
1221 2185 1238 2229 a
1259 2183 1319 2228 vo-

187 2277 245 2343 cali
265 2282 439 2363 inciperent.
462 2277 608 2362 Exempla
628 2280 781 2361 utriusque
803 2298 955 2343 consonae
985 2280 1116 2343 abiectae
1137 2286 1206 2345 sunt
1226 2278 1317 2342 haec:

339 2431 480 2527 ἡδύς-
504 2444 564 2508 Sct.
587 2443 696 2507 evadas
721 2475 760 2486 -
782 2442 845 2507 Lat
868 2444 992 2508 sua-nis
1018 2446 1074 2517 (ex
1095 2437 1254 2523 suad-vis)
1277 2473 1316 2486 -

255 2535 257 2540 ’
394 2555 482 2620 Goth.
504 2557 601 2621 sut-is
622 2575 661 2619 en
684 2556 808 2620 sset-im
861 2541 864 2547 ¹

338 2655 390 2731 ἸΔ
411 2661 514 2741 (ἰδίω)
538 2702 576 2711 -
601 2667 661 2733 Sol.
682 2666 844 2750 snio-pani
868 2699 906 2710 -
929 2667 992 2730 Lat
1014 2666 1117 2731 sud-o
1141 2697 1180 2710 -
1210 2663 1317 2737 ishad.

393 2787 452 2844 vet.
474 2780 568 2864 sveiti.

340 2874 441 2967 ὕπνος
466 2921 505 2934 -
528 2892 592 2957 Sca
617 2909 747 2972 svapnas
771 2923 810 2935 -
833 2891 894 2953 Lat.
916 2906 1073 2954 som-nus
1103 2892 1159 2962 (ear
1188 2905 1318 2969 svapnus

392 3001 431 3067 cl
392 3006 648 3085 c-sop·or)
603 3002 772 3066 -Thiud
794 3001 874 3065 med.
895 3002 1000 3065 aetatis
1021 3001 1164 3065 svah-en

339 3101 557 3201 ὗῤῥάδιος-
519 3115 641 3179 -Lat
663 3116 784 3196 spurius
796 3111 833 3194 ¹.)

339 3218 435 3304 ἔθος,
463 3207 612 3309 ἧθος-
643 3227 706 3292 Sct.
732 3215 906 3290 suad-a
935 3226 998 3289 lat
1021 3243 1097 3289 con-
1100 3186 1186 3289 suet-
1187 3222 1247 3288 udo
1278 3250 1316 3266 -

393 3337 480 3402 Goth.
500 3339 560 3402 sid
562 3357 601 3403 us
624 3370 662 3383 ·-
687 3337 792 3403 Thiud
815 3346 873 3402 aut
896 3339 999 3400 aetatis
1021 3339 1109 3402 sit-u

289 3497 355 3563 dam
383 3499 516 3565 lluhnius
546 3497 726 3585 (geitldptift
753 3496 1088 3583 idtoetp1.&ptcclpf.
1117 3497 1150 3562 11.
1181 3517 1212 3581 p.
1241 3491 1318 3567 134)

185 3609 262 3675 haec
286 3611 464 3676 substantiva
488 3614 565 3676 inter
586 3632 621 3679 sc
649 3632 824 3695 comparans
853 3614 1019 3677 rectissime
1046 3611 1236 3695 primigeniae
1264 3628 1322 3673 ra·

188 3721 262 3787 dicis
285 3723 418 3788 Graecae
440 3722 554 3788 lormae
583 3724 659 3790 duas
688 3742 838 3789 consonas
861 3728 912 3788 oF
945 3724 1098 3788 adiudicat.
1148 3724 1247 3805 Atque
1279 3739 1319 3784 ex

186 3833 313 3918 perlecti
335 3836 432 3899 forma
454 3833 569 3916 eludo,
590 3838 673 3901 cuius
695 3836 904 3920 diphthongum
927 3836 1066 3920 simplicis
1087 3834 1238 3920 augmenti
1248 3832 1316 3895 loco

187 3947 316 4030 positam
337 3949 395 4013 riri
417 3948 497 4013 docti
518 3948 649 4014 noudum
671 3949 747 4015 mats
767 3948 1015 4032 explicaverunt,
1041 3947 1222 4013 concludere
1249 3944 1322 4008 licet

289 4204 316 4271 1)
335 4204 374 4259 lle
390 4203 440 4258 lucc
457 4204 580 4261 adisctlvo
599 4205 732 4275 disputavit
749 4199 855 4259 Aduena
872 4201 934 4260 ssus.
951 4174 1129 4261 uocantes.
