<?xml version="1.0" encoding="UTF-8"?>
<!DOCTYPE html PUBLIC "-//W3C//DTD XHTML 1.0 Transitional//EN"
    "http://www.w3.org/TR/xhtml1/DTD/xhtml1-transitional.dtd">
<html xmlns="http://www.w3.org/1999/xhtml" xml:lang="en" lang="en">
 <head>
  <title>
</title>
<meta http-equiv="Content-Type" content="text/html;charset=utf-8" />
  <meta name='ocr-system' content='tesseract 3.04.00' />
  <meta name='ocr-capabilities' content='ocr_page ocr_carea ocr_par ocr_line ocrx_word'/>
</head>
<body>
  <div class='ocr_page' id='page_1' title='image "./desyllabaruminb00wollgoog_0037.png"; bbox 0 0 3175 4817; ppageno 0'>
   <div class='ocr_carea' id='block_1_1' title="bbox 736 250 777 319">
    <p class='ocr_par' dir='ltr' id='par_1_1' title="bbox 736 250 777 319">
     <span class='ocr_line' id='line_1_1' title="bbox 736 250 777 319; baseline -0.098 0"><span class='ocrx_word' id='word_1_1' title='bbox 736 250 777 319; x_wconf 81' lang='lat'><strong>15</strong></span> 
     </span>
    </p>
   </div>
   <div class='ocr_carea' id='block_1_2' title="bbox 187 423 1328 3515">
    <p class='ocr_par' dir='ltr' id='par_1_2' title="bbox 187 423 1328 1515">
     <span class='ocr_line' id='line_1_2' title="bbox 293 423 1323 508; baseline 0.001 -21"><span class='ocrx_word' id='word_1_2' title='bbox 293 424 324 488; x_wconf 81' lang='lat' dir='ltr'><strong>l.</strong></span> <span class='ocrx_word' id='word_1_3' title='bbox 356 425 492 505; x_wconf 84' lang='lat' dir='ltr'><strong>Denique</strong></span> <span class='ocrx_word' id='word_1_4' title='bbox 515 423 595 507; x_wconf 91' lang='lat' dir='ltr'><strong>quod</strong></span> <span class='ocrx_word' id='word_1_5' title='bbox 623 425 653 488; x_wconf 88' lang='lat' dir='ltr'><strong>iu</strong></span> <span class='ocrx_word' id='word_1_6' title='bbox 675 424 811 488; x_wconf 90' lang='lat' dir='ltr'><strong>omnibus</strong></span> <span class='ocrx_word' id='word_1_7' title='bbox 839 425 906 489; x_wconf 87' lang='lat' dir='ltr'><strong>lore</strong></span> <span class='ocrx_word' id='word_1_8' title='bbox 928 424 1038 508; x_wconf 80' lang='lat' dir='ltr'><strong>linguis</strong></span> <span class='ocrx_word' id='word_1_9' title='bbox 1060 426 1213 492; x_wconf 81' lang='lat' dir='ltr'><strong>observari</strong></span> <span class='ocrx_word' id='word_1_10' title='bbox 1234 424 1323 504; x_wconf 89' lang='lat' dir='ltr'><strong>solet,</strong></span> 
     </span>
     <span class='ocr_line' id='line_1_3' title="bbox 189 535 1325 623; baseline -0.001 -23"><span class='ocrx_word' id='word_1_11' title='bbox 189 536 398 623; x_wconf 89' lang='lat' dir='ltr'><strong>antiquissimis</strong></span> <span class='ocrx_word' id='word_1_12' title='bbox 438 537 622 618; x_wconf 87' lang='lat' dir='ltr'><strong>temporibus</strong></span> <span class='ocrx_word' id='word_1_13' title='bbox 660 536 758 600; x_wconf 90' lang='lat' dir='ltr'><strong>mullis</strong></span> <span class='ocrx_word' id='word_1_14' title='bbox 795 537 917 600; x_wconf 90' lang='lat' dir='ltr'><strong>vocibus</strong></span> <span class='ocrx_word' id='word_1_15' title='bbox 950 536 1128 621; x_wconf 81' lang='lat' dir='ltr'><strong>gutturalem</strong></span> <span class='ocrx_word' id='word_1_16' title='bbox 1166 535 1325 619; x_wconf 82' lang='lat' dir='ltr'><strong>praefixam</strong></span> 
     </span>
     <span class='ocr_line' id='line_1_4' title="bbox 189 646 1325 732; baseline 0.003 -22"><span class='ocrx_word' id='word_1_17' title='bbox 189 647 293 724; x_wconf 88' lang='lat' dir='ltr'><strong>luisse,</strong></span> <span class='ocrx_word' id='word_1_18' title='bbox 315 646 374 711; x_wconf 91' lang='lat' dir='ltr'><strong>boc</strong></span> <span class='ocrx_word' id='word_1_19' title='bbox 395 649 425 711; x_wconf 92' lang='lat' dir='ltr'><strong>in</strong></span> <span class='ocrx_word' id='word_1_20' title='bbox 447 666 558 731; x_wconf 81' lang='lat' dir='ltr'><strong>graeca</strong></span> <span class='ocrx_word' id='word_1_21' title='bbox 580 648 681 732; x_wconf 80' lang='lat' dir='ltr'><strong>lingua</strong></span> <span class='ocrx_word' id='word_1_22' title='bbox 703 647 844 711; x_wconf 90' lang='lat' dir='ltr'><strong>latissime</strong></span> <span class='ocrx_word' id='word_1_23' title='bbox 866 650 1001 731; x_wconf 89' lang='lat' dir='ltr'><strong>patuisse</strong></span> <span class='ocrx_word' id='word_1_24' title='bbox 1022 647 1247 712; x_wconf 81' lang='lat' dir='ltr'><strong>existimandum</strong></span> <span class='ocrx_word' id='word_1_25' title='bbox 1268 655 1325 713; x_wconf 82' lang='lat' dir='ltr'><strong>est.</strong></span> 
     </span>
     <span class='ocr_line' id='line_1_5' title="bbox 188 754 1325 842; baseline 0.001 -17"><span class='ocrx_word' id='word_1_26' title='bbox 188 759 362 841; x_wconf 82' lang='lat' dir='ltr'>Exemplum</span> <span class='ocrx_word' id='word_1_27' title='bbox 384 759 508 842; x_wconf 76' lang='lat' dir='ltr'><strong>praebet</strong></span> <span class='ocrx_word' id='word_1_28' title='bbox 535 760 658 823; x_wconf 76' lang='lat' dir='ltr'><strong>verbum</strong></span> <span class='ocrx_word' id='word_1_29' title='bbox 686 754 831 836; x_wconf 79' lang='grc' dir='ltr'><strong><em>δοοπέω,</em></strong></span> <span class='ocrx_word' id='word_1_30' title='bbox 862 760 950 824; x_wconf 87' lang='lat' dir='ltr'><strong>cuius</strong></span> <span class='ocrx_word' id='word_1_31' title='bbox 972 759 1178 842; x_wconf 74' lang='lat' dir='ltr'><strong>primigeniam</strong></span> <span class='ocrx_word' id='word_1_32' title='bbox 1200 761 1325 826; x_wconf 83' lang='lat' dir='ltr'><strong>formam</strong></span> 
     </span>
     <span class='ocr_line' id='line_1_6' title="bbox 188 864 1327 959; baseline 0.002 -26"><span class='ocrx_word' id='word_1_33' title='bbox 188 866 338 954; x_wconf 81' lang='lat' dir='ltr'><strong>ydoorrdm</strong></span> <span class='ocrx_word' id='word_1_34' title='bbox 360 871 481 934; x_wconf 85' lang='lat' dir='ltr'><strong>Homeri</strong></span> <span class='ocrx_word' id='word_1_35' title='bbox 504 872 684 953; x_wconf 87' lang='lat' dir='ltr'><strong>temporibus</strong></span> <span class='ocrx_word' id='word_1_36' title='bbox 705 872 736 959; x_wconf 87' lang='lat' dir='ltr'><strong>in</strong></span> <span class='ocrx_word' id='word_1_37' title='bbox 757 890 816 936; x_wconf 90' lang='lat' dir='ltr'><strong>usu</strong></span> <span class='ocrx_word' id='word_1_38' title='bbox 837 871 931 938; x_wconf 90' lang='lat' dir='ltr'><strong>luisse</strong></span> <span class='ocrx_word' id='word_1_39' title='bbox 947 870 1078 936; x_wconf 75' lang='lat' dir='ltr'><strong>ostendit</strong></span> <span class='ocrx_word' id='word_1_40' title='bbox 1094 870 1188 934; x_wconf 80' lang='lat' dir='ltr'><strong>foruna</strong></span> <span class='ocrx_word' id='word_1_41' title='bbox 1209 864 1327 953; x_wconf 79' lang='grc' dir='ltr'><strong><em>ἐγδού-</em></strong></span> 
     </span>
     <span class='ocr_line' id='line_1_7' title="bbox 187 978 1327 1067; baseline 0.004 -22"><span class='ocrx_word' id='word_1_42' title='bbox 187 1000 294 1065; x_wconf 83' lang='grc' dir='ltr'><strong><em>πησαν</em></strong></span> <span class='ocrx_word' id='word_1_43' title='bbox 314 982 347 1045; x_wconf 91' lang='lat' dir='ltr'><strong>ll.</strong></span> <span class='ocrx_word' id='word_1_44' title='bbox 370 1005 400 1045; x_wconf 85' lang='grc' dir='ltr'><strong>κ.</strong></span> <span class='ocrx_word' id='word_1_45' title='bbox 422 983 464 1046; x_wconf 72' lang='grc'><strong>45</strong></span> <span class='ocrx_word' id='word_1_46' title='bbox 487 990 518 1046; x_wconf 89' lang='lat' dir='ltr'><strong>et</strong></span> <span class='ocrx_word' id='word_1_47' title='bbox 539 978 749 1067; x_wconf 74' lang='grc' dir='ltr'><strong><em>ἐρίγδουπος,</em></strong></span> <span class='ocrx_word' id='word_1_48' title='bbox 771 1002 868 1065; x_wconf 90' lang='lat' dir='ltr'><strong>quae,</strong></span> <span class='ocrx_word' id='word_1_49' title='bbox 900 985 926 1048; x_wconf 89' lang='lat' dir='ltr'><strong>si</strong></span> <span class='ocrx_word' id='word_1_50' title='bbox 947 983 1060 1065; x_wconf 78' lang='lat' dir='ltr'><strong>syllaba</strong></span> <span class='ocrx_word' id='word_1_51' title='bbox 1081 984 1327 1066; x_wconf 86' lang='lat' dir='ltr'><strong>antepaenullima</strong></span> 
     </span>
     <span class='ocr_line' id='line_1_8' title="bbox 188 1088 1328 1178; baseline 0.002 -21"><span class='ocrx_word' id='word_1_52' title='bbox 188 1112 248 1157; x_wconf 90' lang='lat' dir='ltr'><strong>non</strong></span> <span class='ocrx_word' id='word_1_53' title='bbox 279 1094 462 1176; x_wconf 76' lang='lat' dir='ltr'><strong>producitur,</strong></span> <span class='ocrx_word' id='word_1_54' title='bbox 483 1088 655 1176; x_wconf 77' lang='grc' dir='ltr'><strong><em>ε’ρίδοοπος</em></strong></span> <span class='ocrx_word' id='word_1_55' title='bbox 683 1103 779 1159; x_wconf 86' lang='lat' dir='ltr'><strong>sonat</strong></span> <span class='ocrx_word' id='word_1_56' title='bbox 800 1101 802 1104; x_wconf 82' lang='grc'><strong>’</strong></span> <span class='ocrx_word' id='word_1_57' title='bbox 823 1097 923 1177; x_wconf 84' lang='lat' dir='ltr'><strong>Atque</strong></span> <span class='ocrx_word' id='word_1_58' title='bbox 950 1115 990 1160; x_wconf 86' lang='lat' dir='ltr'><strong>ex</strong></span> <span class='ocrx_word' id='word_1_59' title='bbox 1019 1095 1127 1178; x_wconf 81' lang='lat' dir='ltr'>duplici</span> <span class='ocrx_word' id='word_1_60' title='bbox 1150 1094 1245 1158; x_wconf 87' lang='lat' dir='ltr'><strong>forma</strong></span> <span class='ocrx_word' id='word_1_61' title='bbox 1266 1112 1328 1159; x_wconf 86' lang='lat' dir='ltr'><strong>vo·</strong></span> 
     </span>
     <span class='ocr_line' id='line_1_9' title="bbox 189 1197 1328 1293; baseline 0.002 -24"><span class='ocrx_word' id='word_1_62' title='bbox 189 1225 255 1269; x_wconf 90' lang='lat' dir='ltr'><strong>cum</strong></span> <span class='ocrx_word' id='word_1_63' title='bbox 276 1202 420 1287; x_wconf 79' lang='grc' dir='ltr'><strong><em>χλίαομα</em></strong></span> <span class='ocrx_word' id='word_1_64' title='bbox 442 1214 472 1269; x_wconf 90' lang='lat' dir='ltr'><strong>et</strong></span> <span class='ocrx_word' id='word_1_65' title='bbox 492 1201 635 1287; x_wconf 80' lang='grc' dir='ltr'><strong><em>λίαομο,</em></strong></span> <span class='ocrx_word' id='word_1_66' title='bbox 664 1202 798 1291; x_wconf 80' lang='grc' dir='ltr'><strong><em>χλίαρος</em></strong></span> <span class='ocrx_word' id='word_1_67' title='bbox 827 1215 857 1271; x_wconf 92' lang='lat' dir='ltr'><strong>et</strong></span> <span class='ocrx_word' id='word_1_68' title='bbox 878 1202 1007 1293; x_wconf 75' lang='lat' dir='ltr'><strong>blcpoc,</strong></span> <span class='ocrx_word' id='word_1_69' title='bbox 1034 1198 1152 1291; x_wconf 77' lang='grc' dir='ltr'><strong><em>χλοὶρος</em></strong></span> <span class='ocrx_word' id='word_1_70' title='bbox 1180 1214 1210 1270; x_wconf 90' lang='lat' dir='ltr'><strong>et</strong></span> <span class='ocrx_word' id='word_1_71' title='bbox 1231 1197 1328 1291; x_wconf 76' lang='grc' dir='ltr'><strong><em>λάρος</em></strong></span> 
     </span>
     <span class='ocr_line' id='line_1_10' title="bbox 190 1317 1328 1402; baseline 0.002 -22"><span class='ocrx_word' id='word_1_72' title='bbox 190 1317 371 1382; x_wconf 82' lang='lat' dir='ltr'><strong>concludere</strong></span> <span class='ocrx_word' id='word_1_73' title='bbox 393 1317 475 1399; x_wconf 89' lang='lat' dir='ltr'><strong>licet,</strong></span> <span class='ocrx_word' id='word_1_74' title='bbox 497 1318 628 1402; x_wconf 82' lang='lat' dir='ltr'><strong>linguam</strong></span> <span class='ocrx_word' id='word_1_75' title='bbox 651 1317 794 1394; x_wconf 80' lang='lat' dir='ltr'><strong>Graecam</strong></span> <span class='ocrx_word' id='word_1_76' title='bbox 817 1337 915 1400; x_wconf 86' lang='lat' dir='ltr'><strong>usque</strong></span> <span class='ocrx_word' id='word_1_77' title='bbox 936 1321 966 1382; x_wconf 84' lang='grc' dir='ltr'><strong>ἰο</strong></span> <span class='ocrx_word' id='word_1_78' title='bbox 978 1327 1098 1401; x_wconf 90' lang='lat' dir='ltr'><strong>postera</strong></span> <span class='ocrx_word' id='word_1_79' title='bbox 1113 1326 1246 1400; x_wconf 91' lang='lat' dir='ltr'><strong>tempora</strong></span> <span class='ocrx_word' id='word_1_80' title='bbox 1259 1317 1328 1382; x_wconf 90' lang='lat' dir='ltr'><strong>huic</strong></span> 
     </span>
     <span class='ocr_line' id='line_1_11' title="bbox 188 1426 1068 1515; baseline 0.002 -22"><span class='ocrx_word' id='word_1_81' title='bbox 188 1430 376 1515; x_wconf 75' lang='lat' dir='ltr'><strong>gutturalium</strong></span> <span class='ocrx_word' id='word_1_82' title='bbox 398 1431 557 1494; x_wconf 87' lang='lat' dir='ltr'><strong>abiectioni</strong></span> <span class='ocrx_word' id='word_1_83' title='bbox 579 1430 692 1494; x_wconf 85' lang='lat' dir='ltr'><strong>lavisse</strong></span> <span class='ocrx_word' id='word_1_84' title='bbox 704 1426 740 1509; x_wconf 83' lang='lat'><strong>¹).</strong></span> <span class='ocrx_word' id='word_1_85' title='bbox 1065 1504 1068 1512; x_wconf 42' lang='lat'>‚</span> 
     </span>
    </p>

    <p class='ocr_par' dir='ltr' id='par_1_3' title="bbox 188 1539 1328 3515">
     <span class='ocr_line' id='line_1_12' title="bbox 293 1539 1326 1625; baseline -0.001 -20"><span class='ocrx_word' id='word_1_86' title='bbox 293 1539 416 1605; x_wconf 85' lang='lat' dir='ltr'><strong>Constat</strong></span> <span class='ocrx_word' id='word_1_87' title='bbox 444 1543 532 1625; x_wconf 82' lang='lat' dir='ltr'><strong>igitur</strong></span> <span class='ocrx_word' id='word_1_88' title='bbox 561 1543 669 1606; x_wconf 90' lang='lat' dir='ltr'><strong>multas</strong></span> <span class='ocrx_word' id='word_1_89' title='bbox 699 1560 793 1605; x_wconf 85' lang='lat' dir='ltr'><strong>noces</strong></span> <span class='ocrx_word' id='word_1_90' title='bbox 821 1542 1030 1623; x_wconf 81' lang='lat' dir='ltr'><strong>antiquissimis</strong></span> <span class='ocrx_word' id='word_1_91' title='bbox 1058 1539 1240 1622; x_wconf 84' lang='lat' dir='ltr'><strong>temporibus</strong></span> <span class='ocrx_word' id='word_1_92' title='bbox 1270 1541 1326 1604; x_wconf 89' lang='lat' dir='ltr'><strong>sub</strong></span> 
     </span>
     <span class='ocr_line' id='line_1_13' title="bbox 193 1652 1327 1720; baseline 0 -6"><span class='ocrx_word' id='word_1_93' title='bbox 193 1670 299 1715; x_wconf 88' lang='lat' dir='ltr'><strong>vocum</strong></span> <span class='ocrx_word' id='word_1_94' title='bbox 322 1655 405 1717; x_wconf 91' lang='lat' dir='ltr'><strong>initio</strong></span> <span class='ocrx_word' id='word_1_95' title='bbox 428 1655 568 1719; x_wconf 89' lang='lat' dir='ltr'><strong>consonis</strong></span> <span class='ocrx_word' id='word_1_96' title='bbox 590 1655 748 1719; x_wconf 88' lang='lat' dir='ltr'><strong>instructas</strong></span> <span class='ocrx_word' id='word_1_97' title='bbox 769 1652 877 1718; x_wconf 83' lang='lat' dir='ltr'><strong>fuisse.</strong></span> <span class='ocrx_word' id='word_1_98' title='bbox 921 1653 981 1720; x_wconf 86' lang='lat' dir='ltr'><strong>Sed</strong></span> <span class='ocrx_word' id='word_1_99' title='bbox 1003 1654 1115 1717; x_wconf 90' lang='lat' dir='ltr'><strong>sensim</strong></span> <span class='ocrx_word' id='word_1_100' title='bbox 1137 1652 1229 1716; x_wconf 91' lang='lat' dir='ltr'><strong>altera</strong></span> <span class='ocrx_word' id='word_1_101' title='bbox 1250 1670 1327 1715; x_wconf 89' lang='lat' dir='ltr'><strong>con-</strong></span> 
     </span>
     <span class='ocr_line' id='line_1_14' title="bbox 191 1755 1327 1848; baseline -0.002 -19"><span class='ocrx_word' id='word_1_102' title='bbox 191 1781 266 1829; x_wconf 86' lang='lat' dir='ltr'><strong>sona</strong></span> <span class='ocrx_word' id='word_1_103' title='bbox 290 1771 339 1829; x_wconf 90' lang='lat' dir='ltr'><strong>aut</strong></span> <span class='ocrx_word' id='word_1_104' title='bbox 362 1765 529 1847; x_wconf 86' lang='lat' dir='ltr'><strong>euphoniae</strong></span> <span class='ocrx_word' id='word_1_105' title='bbox 559 1784 648 1830; x_wconf 90' lang='lat' dir='ltr'><strong>causa</strong></span> <span class='ocrx_word' id='word_1_106' title='bbox 679 1755 731 1830; x_wconf 77' lang='lat' dir='ltr'><strong>a&#39;ut</strong></span> <span class='ocrx_word' id='word_1_107' title='bbox 759 1773 883 1848; x_wconf 90' lang='lat' dir='ltr'><strong>propter</strong></span> <span class='ocrx_word' id='word_1_108' title='bbox 911 1766 1065 1829; x_wconf 84' lang='lat' dir='ltr'><strong>maximam</strong></span> <span class='ocrx_word' id='word_1_109' title='bbox 1087 1764 1153 1828; x_wconf 92' lang='lat' dir='ltr'><strong>eius</strong></span> <span class='ocrx_word' id='word_1_110' title='bbox 1175 1764 1205 1824; x_wconf 92' lang='lat' dir='ltr'><strong>in</strong></span> <span class='ocrx_word' id='word_1_111' title='bbox 1226 1762 1327 1846; x_wconf 86' lang='lat' dir='ltr'><strong>lingua</strong></span> 
     </span>
     <span class='ocr_line' id='line_1_15' title="bbox 188 1875 1326 1959; baseline 0.001 -21"><span class='ocrx_word' id='word_1_112' title='bbox 188 1875 414 1940; x_wconf 89' lang='lat' dir='ltr'><strong>imbecillitatem</strong></span> <span class='ocrx_word' id='word_1_113' title='bbox 443 1895 511 1939; x_wconf 93' lang='lat' dir='ltr'><strong>cum</strong></span> <span class='ocrx_word' id='word_1_114' title='bbox 538 1878 631 1942; x_wconf 88' lang='lat' dir='ltr'><strong>altera</strong></span> <span class='ocrx_word' id='word_1_115' title='bbox 659 1879 689 1940; x_wconf 91' lang='lat' dir='ltr'><strong>in</strong></span> <span class='ocrx_word' id='word_1_116' title='bbox 718 1877 869 1941; x_wconf 87' lang='lat' dir='ltr'><strong>rudiorem</strong></span> <span class='ocrx_word' id='word_1_117' title='bbox 898 1876 1046 1959; x_wconf 88' lang='lat' dir='ltr'><strong>quendam</strong></span> <span class='ocrx_word' id='word_1_118' title='bbox 1074 1893 1180 1940; x_wconf 90' lang='lat' dir='ltr'><strong>sonum</strong></span> <span class='ocrx_word' id='word_1_119' title='bbox 1207 1875 1326 1955; x_wconf 84' lang='lat' dir='ltr'><strong>coaluit,</strong></span> 
     </span>
     <span class='ocr_line' id='line_1_16' title="bbox 189 1988 1327 2073; baseline -0.002 -22"><span class='ocrx_word' id='word_1_120' title='bbox 189 1989 242 2069; x_wconf 89' lang='lat' dir='ltr'><strong>qui</strong></span> <span class='ocrx_word' id='word_1_121' title='bbox 264 1989 407 2052; x_wconf 89' lang='lat' dir='ltr'><strong>minorem</strong></span> <span class='ocrx_word' id='word_1_122' title='bbox 430 1989 551 2070; x_wconf 89' lang='lat' dir='ltr'><strong>quidem</strong></span> <span class='ocrx_word' id='word_1_123' title='bbox 581 1990 611 2052; x_wconf 89' lang='lat' dir='ltr'><strong>in</strong></span> <span class='ocrx_word' id='word_1_124' title='bbox 632 1989 850 2073; x_wconf 87' lang='lat' dir='ltr'><strong>pronuntiando</strong></span> <span class='ocrx_word' id='word_1_125' title='bbox 872 1990 930 2051; x_wconf 87' lang='lat' dir='ltr'><strong>vim</strong></span> <span class='ocrx_word' id='word_1_126' title='bbox 953 2007 1041 2071; x_wconf 92' lang='lat' dir='ltr'><strong>quam</strong></span> <span class='ocrx_word' id='word_1_127' title='bbox 1063 1988 1140 2052; x_wconf 91' lang='lat' dir='ltr'><strong>duae</strong></span> <span class='ocrx_word' id='word_1_128' title='bbox 1163 2004 1327 2065; x_wconf 88' lang='lat' dir='ltr'><strong>consonae,</strong></span> 
     </span>
     <span class='ocr_line' id='line_1_17' title="bbox 188 2098 1327 2182; baseline 0.001 -21"><span class='ocrx_word' id='word_1_129' title='bbox 188 2099 329 2174; x_wconf 89' lang='lat' dir='ltr'><strong>haberet,</strong></span> <span class='ocrx_word' id='word_1_130' title='bbox 361 2118 462 2163; x_wconf 91' lang='lat' dir='ltr'><strong>verum</strong></span> <span class='ocrx_word' id='word_1_131' title='bbox 485 2101 524 2163; x_wconf 93' lang='lat' dir='ltr'><strong>ad</strong></span> <span class='ocrx_word' id='word_1_132' title='bbox 546 2101 669 2164; x_wconf 86' lang='lat' dir='ltr'><strong>brevem</strong></span> <span class='ocrx_word' id='word_1_133' title='bbox 692 2099 833 2182; x_wconf 81' lang='lat' dir='ltr'><strong>syllabam</strong></span> <span class='ocrx_word' id='word_1_134' title='bbox 856 2100 1090 2164; x_wconf 57' lang='lat' dir='ltr'><strong>antecedentem*</strong></span> <span class='ocrx_word' id='word_1_135' title='bbox 1109 2098 1327 2179; x_wconf 88' lang='lat' dir='ltr'><strong>producendam</strong></span> 
     </span>
     <span class='ocr_line' id='line_1_18' title="bbox 189 2210 1328 2296; baseline -0.001 -23"><span class='ocrx_word' id='word_1_136' title='bbox 189 2211 314 2274; x_wconf 86' lang='lat' dir='ltr'><strong>valeret.</strong></span> <span class='ocrx_word' id='word_1_137' title='bbox 338 2210 404 2284; x_wconf 84' lang='lat' dir='ltr'><strong>Qua</strong></span> <span class='ocrx_word' id='word_1_138' title='bbox 427 2213 458 2274; x_wconf 93' lang='lat' dir='ltr'><strong>in</strong></span> <span class='ocrx_word' id='word_1_139' title='bbox 479 2231 513 2275; x_wconf 93' lang='lat' dir='ltr'><strong>re</strong></span> <span class='ocrx_word' id='word_1_140' title='bbox 535 2211 690 2275; x_wconf 88' lang='lat' dir='ltr'><strong>similitudo</strong></span> <span class='ocrx_word' id='word_1_141' title='bbox 713 2211 834 2296; x_wconf 80' lang='lat' dir='ltr'><strong>linguae</strong></span> <span class='ocrx_word' id='word_1_142' title='bbox 855 2212 1033 2295; x_wconf 86' lang='lat' dir='ltr'><strong>Hispanicae</strong></span> <span class='ocrx_word' id='word_1_143' title='bbox 1055 2211 1195 2289; x_wconf 87' lang='lat' dir='ltr'><strong>occurrit,</strong></span> <span class='ocrx_word' id='word_1_144' title='bbox 1218 2211 1328 2292; x_wconf 87' lang='lat' dir='ltr'><strong>quippe</strong></span> 
     </span>
     <span class='ocr_line' id='line_1_19' title="bbox 192 2322 1327 2405; baseline -0.001 -19"><span class='ocrx_word' id='word_1_145' title='bbox 192 2341 269 2404; x_wconf 89' lang='lat' dir='ltr'><strong>quae</strong></span> <span class='ocrx_word' id='word_1_146' title='bbox 291 2322 405 2386; x_wconf 78' lang='lat' dir='ltr'><strong>litteras</strong></span> <span class='ocrx_word' id='word_1_147' title='bbox 429 2323 563 2405; x_wconf 91' lang='lat' dir='ltr'><strong>duplices</strong></span> <span class='ocrx_word' id='word_1_148' title='bbox 585 2324 615 2386; x_wconf 91' lang='lat' dir='ltr'><strong>in</strong></span> <span class='ocrx_word' id='word_1_149' title='bbox 636 2323 736 2387; x_wconf 86' lang='lat' dir='ltr'><strong>fronte</strong></span> <span class='ocrx_word' id='word_1_150' title='bbox 759 2339 865 2386; x_wconf 88' lang='lat' dir='ltr'><strong>vocum</strong></span> <span class='ocrx_word' id='word_1_151' title='bbox 887 2325 1016 2405; x_wconf 89' lang='lat' dir='ltr'><strong>positas,</strong></span> <span class='ocrx_word' id='word_1_152' title='bbox 1045 2341 1122 2404; x_wconf 89' lang='lat' dir='ltr'><strong>quae</strong></span> <span class='ocrx_word' id='word_1_153' title='bbox 1144 2342 1184 2385; x_wconf 83' lang='lat' dir='ltr'><strong>ex</strong></span> <span class='ocrx_word' id='word_1_154' title='bbox 1202 2323 1327 2386; x_wconf 88' lang='lat' dir='ltr'><strong>duarum</strong></span> 
     </span>
     <span class='ocr_line' id='line_1_20' title="bbox 190 2433 1327 2517; baseline -0.001 -20"><span class='ocrx_word' id='word_1_155' title='bbox 190 2452 389 2499; x_wconf 89' lang='lat' dir='ltr'><strong>consonarum</strong></span> <span class='ocrx_word' id='word_1_156' title='bbox 411 2436 623 2499; x_wconf 86' lang='lat' dir='ltr'><strong>assimilatione</strong></span> <span class='ocrx_word' id='word_1_157' title='bbox 645 2434 838 2517; x_wconf 85' lang='lat' dir='ltr'><strong>prodierunt,</strong></span> <span class='ocrx_word' id='word_1_158' title='bbox 865 2437 977 2500; x_wconf 90' lang='lat' dir='ltr'><strong>maiore</strong></span> <span class='ocrx_word' id='word_1_159' title='bbox 997 2436 1028 2498; x_wconf 87' lang='lat' dir='ltr'><strong>vi</strong></span> <span class='ocrx_word' id='word_1_160' title='bbox 1057 2453 1144 2516; x_wconf 89' lang='lat' dir='ltr'><strong>quam</strong></span> <span class='ocrx_word' id='word_1_161' title='bbox 1173 2433 1327 2516; x_wconf 90' lang='lat' dir='ltr'><strong>simplices</strong></span> 
     </span>
     <span class='ocr_line' id='line_1_21' title="bbox 189 2547 1327 2629; baseline 0 -21"><span class='ocrx_word' id='word_1_162' title='bbox 189 2564 288 2628; x_wconf 91' lang='lat' dir='ltr'><strong>neque</strong></span> <span class='ocrx_word' id='word_1_163' title='bbox 309 2555 407 2611; x_wconf 86' lang='lat' dir='ltr'><strong>tamen</strong></span> <span class='ocrx_word' id='word_1_164' title='bbox 429 2556 461 2611; x_wconf 91' lang='lat' dir='ltr'><strong>ut</strong></span> <span class='ocrx_word' id='word_1_165' title='bbox 482 2547 615 2629; x_wconf 87' lang='lat' dir='ltr'><strong>duplices</strong></span> <span class='ocrx_word' id='word_1_166' title='bbox 637 2549 819 2629; x_wconf 85' lang='lat' dir='ltr'><strong>pronuntiet.</strong></span> <span class='ocrx_word' id='word_1_167' title='bbox 848 2547 900 2611; x_wconf 87' lang='lat' dir='ltr'><strong>llle</strong></span> <span class='ocrx_word' id='word_1_168' title='bbox 919 2555 1015 2611; x_wconf 89' lang='lat' dir='ltr'><strong>autem</strong></span> <span class='ocrx_word' id='word_1_169' title='bbox 1037 2565 1130 2610; x_wconf 90' lang='lat' dir='ltr'><strong>sonus</strong></span> <span class='ocrx_word' id='word_1_170' title='bbox 1152 2564 1245 2627; x_wconf 92' lang='lat' dir='ltr'><strong>quum</strong></span> <span class='ocrx_word' id='word_1_171' title='bbox 1265 2564 1327 2609; x_wconf 92' lang='lat' dir='ltr'><strong>non</strong></span> 
     </span>
     <span class='ocr_line' id='line_1_22' title="bbox 189 2657 1327 2742; baseline 0.004 -21"><span class='ocrx_word' id='word_1_172' title='bbox 189 2666 293 2739; x_wconf 90' lang='lat' dir='ltr'><strong>posset</strong></span> <span class='ocrx_word' id='word_1_173' title='bbox 314 2658 370 2721; x_wconf 90' lang='lat' dir='ltr'><strong>nisi</strong></span> <span class='ocrx_word' id='word_1_174' title='bbox 392 2676 501 2742; x_wconf 80' lang='lat' dir='ltr'><strong>magno</strong></span> <span class='ocrx_word' id='word_1_175' title='bbox 525 2676 579 2721; x_wconf 90' lang='lat' dir='ltr'><strong>ore</strong></span> <span class='ocrx_word' id='word_1_176' title='bbox 602 2659 797 2740; x_wconf 83' lang='lat' dir='ltr'><strong>pronuntiari,</strong></span> <span class='ocrx_word' id='word_1_177' title='bbox 819 2657 849 2720; x_wconf 92' lang='lat' dir='ltr'><strong>in</strong></span> <span class='ocrx_word' id='word_1_178' title='bbox 859 2659 1030 2740; x_wconf 89' lang='lat' dir='ltr'><strong>posteriore</strong></span> <span class='ocrx_word' id='word_1_179' title='bbox 1048 2658 1149 2742; x_wconf 83' lang='lat' dir='ltr'><strong>lingua</strong></span> <span class='ocrx_word' id='word_1_180' title='bbox 1161 2657 1327 2727; x_wconf 84' lang='lat' dir='ltr'><strong>molliorem</strong></span> 
     </span>
     <span class='ocr_line' id='line_1_23' title="bbox 191 2768 1326 2852; baseline 0.001 -20"><span class='ocrx_word' id='word_1_181' title='bbox 191 2787 295 2833; x_wconf 92' lang='lat' dir='ltr'><strong>sonum</strong></span> <span class='ocrx_word' id='word_1_182' title='bbox 317 2768 412 2833; x_wconf 87' lang='lat' dir='ltr'><strong>induit</strong></span> <span class='ocrx_word' id='word_1_183' title='bbox 433 2770 603 2850; x_wconf 88' lang='lat' dir='ltr'><strong>sensimque</strong></span> <span class='ocrx_word' id='word_1_184' title='bbox 625 2771 664 2833; x_wconf 91' lang='lat' dir='ltr'><strong>ita</strong></span> <span class='ocrx_word' id='word_1_185' title='bbox 686 2769 851 2833; x_wconf 88' lang='lat' dir='ltr'><strong>debilitatus</strong></span> <span class='ocrx_word' id='word_1_186' title='bbox 874 2777 935 2849; x_wconf 86' lang='lat' dir='ltr'><strong>est,</strong></span> <span class='ocrx_word' id='word_1_187' title='bbox 964 2776 997 2833; x_wconf 93' lang='lat' dir='ltr'><strong>ut</strong></span> <span class='ocrx_word' id='word_1_188' title='bbox 1017 2777 1124 2852; x_wconf 91' lang='lat' dir='ltr'><strong>postea</strong></span> <span class='ocrx_word' id='word_1_189' title='bbox 1146 2770 1235 2833; x_wconf 90' lang='lat' dir='ltr'><strong>altera</strong></span> <span class='ocrx_word' id='word_1_190' title='bbox 1257 2778 1326 2833; x_wconf 91' lang='lat' dir='ltr'><strong>tan·</strong></span> 
     </span>
     <span class='ocr_line' id='line_1_24' title="bbox 189 2881 1326 2963; baseline -0.002 -18"><span class='ocrx_word' id='word_1_191' title='bbox 189 2889 249 2945; x_wconf 91' lang='lat' dir='ltr'><strong>tum</strong></span> <span class='ocrx_word' id='word_1_192' title='bbox 277 2899 465 2960; x_wconf 88' lang='lat' dir='ltr'><strong>consonans,</strong></span> <span class='ocrx_word' id='word_1_193' title='bbox 503 2899 581 2962; x_wconf 88' lang='lat' dir='ltr'><strong>quae</strong></span> <span class='ocrx_word' id='word_1_194' title='bbox 611 2881 815 2963; x_wconf 86' lang='lat' dir='ltr'><strong>praevalebat,</strong></span> <span class='ocrx_word' id='word_1_195' title='bbox 854 2882 884 2944; x_wconf 91' lang='lat' dir='ltr'><strong>in</strong></span> <span class='ocrx_word' id='word_1_196' title='bbox 912 2899 1018 2945; x_wconf 86' lang='lat' dir='ltr'><strong>vocum</strong></span> <span class='ocrx_word' id='word_1_197' title='bbox 1047 2881 1148 2945; x_wconf 85' lang='lat' dir='ltr'><strong>fronte</strong></span> <span class='ocrx_word' id='word_1_198' title='bbox 1184 2899 1326 2944; x_wconf 88' lang='lat' dir='ltr'><strong>remane-</strong></span> 
     </span>
     <span class='ocr_line' id='line_1_25' title="bbox 190 2992 1326 3075; baseline -0.002 -19"><span class='ocrx_word' id='word_1_199' title='bbox 190 3002 248 3058; x_wconf 70' lang='lat' dir='ltr'><strong>ret·</strong></span> <span class='ocrx_word' id='word_1_200' title='bbox 286 2995 396 3058; x_wconf 85' lang='lat' dir='ltr'><strong>Verum</strong></span> <span class='ocrx_word' id='word_1_201' title='bbox 419 3011 510 3075; x_wconf 90' lang='lat' dir='ltr'><strong>quum</strong></span> <span class='ocrx_word' id='word_1_202' title='bbox 533 3001 722 3075; x_wconf 79' lang='lat' dir='ltr'><strong>augimentum</strong></span> <span class='ocrx_word' id='word_1_203' title='bbox 745 3001 797 3057; x_wconf 90' lang='lat' dir='ltr'><strong>aut</strong></span> <span class='ocrx_word' id='word_1_204' title='bbox 818 2992 898 3058; x_wconf 92' lang='lat' dir='ltr'><strong>aliud</strong></span> <span class='ocrx_word' id='word_1_205' title='bbox 920 2993 1085 3075; x_wconf 78' lang='lat' dir='ltr'><strong>praefixum</strong></span> <span class='ocrx_word' id='word_1_206' title='bbox 1108 2993 1174 3055; x_wconf 85' lang='lat' dir='ltr'><strong>voci</strong></span> <span class='ocrx_word' id='word_1_207' title='bbox 1196 2998 1326 3075; x_wconf 92' lang='lat' dir='ltr'><strong>antepo-</strong></span> 
     </span>
     <span class='ocr_line' id='line_1_26' title="bbox 190 3104 1327 3185; baseline -0.002 -17"><span class='ocrx_word' id='word_1_208' title='bbox 190 3113 326 3182; x_wconf 89' lang='lat' dir='ltr'><strong>neretur,</strong></span> <span class='ocrx_word' id='word_1_209' title='bbox 350 3105 512 3170; x_wconf 86' lang='lat' dir='ltr'><strong>diutissime</strong></span> <span class='ocrx_word' id='word_1_210' title='bbox 534 3112 659 3185; x_wconf 88' lang='lat' dir='ltr'><strong>utraque</strong></span> <span class='ocrx_word' id='word_1_211' title='bbox 682 3122 852 3170; x_wconf 89' lang='lat' dir='ltr'><strong>consonans</strong></span> <span class='ocrx_word' id='word_1_212' title='bbox 868 3112 1043 3169; x_wconf 89' lang='lat' dir='ltr'><strong>conservata</strong></span> <span class='ocrx_word' id='word_1_213' title='bbox 1065 3111 1120 3169; x_wconf 88' lang='lat' dir='ltr'><strong>est.</strong></span> <span class='ocrx_word' id='word_1_214' title='bbox 1143 3104 1245 3185; x_wconf 88' lang='lat' dir='ltr'><strong>ltaque</strong></span> <span class='ocrx_word' id='word_1_215' title='bbox 1266 3121 1327 3167; x_wconf 91' lang='lat' dir='ltr'><strong>non</strong></span> 
     </span>
     <span class='ocr_line' id='line_1_27' title="bbox 190 3216 1326 3298; baseline 0 -20"><span class='ocrx_word' id='word_1_216' title='bbox 190 3217 295 3279; x_wconf 88' lang='lat' dir='ltr'><strong>mirum</strong></span> <span class='ocrx_word' id='word_1_217' title='bbox 317 3217 452 3297; x_wconf 86' lang='lat' dir='ltr'><strong>videtur,</strong></span> <span class='ocrx_word' id='word_1_218' title='bbox 479 3216 560 3297; x_wconf 94' lang='lat' dir='ltr'><strong>quod</strong></span> <span class='ocrx_word' id='word_1_219' title='bbox 582 3233 676 3298; x_wconf 87' lang='lat' dir='ltr'><strong>saepe</strong></span> <span class='ocrx_word' id='word_1_220' title='bbox 697 3218 728 3279; x_wconf 90' lang='lat' dir='ltr'><strong>iu</strong></span> <span class='ocrx_word' id='word_1_221' title='bbox 749 3217 905 3281; x_wconf 88' lang='lat' dir='ltr'><strong>Homerico</strong></span> <span class='ocrx_word' id='word_1_222' title='bbox 927 3234 1068 3281; x_wconf 88' lang='lat' dir='ltr'><strong>sermone</strong></span> <span class='ocrx_word' id='word_1_223' title='bbox 1089 3225 1158 3298; x_wconf 92' lang='lat' dir='ltr'><strong>post</strong></span> <span class='ocrx_word' id='word_1_224' title='bbox 1180 3234 1326 3298; x_wconf 84' lang='lat' dir='ltr'><strong>augmen-</strong></span> 
     </span>
     <span class='ocr_line' id='line_1_28' title="bbox 190 3327 1327 3411; baseline 0.001 -20"><span class='ocrx_word' id='word_1_225' title='bbox 190 3335 250 3391; x_wconf 93' lang='lat' dir='ltr'><strong>tum</strong></span> <span class='ocrx_word' id='word_1_226' title='bbox 274 3327 387 3410; x_wconf 84' lang='lat' dir='ltr'><strong>duplex</strong></span> <span class='ocrx_word' id='word_1_227' title='bbox 408 3328 516 3411; x_wconf 91' lang='lat' dir='ltr'><strong>liquida</strong></span> <span class='ocrx_word' id='word_1_228' title='bbox 540 3328 786 3409; x_wconf 89' lang='lat' dir='ltr'><strong>deprehenditur,</strong></span> <span class='ocrx_word' id='word_1_229' title='bbox 817 3347 905 3409; x_wconf 90' lang='lat' dir='ltr'><strong>quum</strong></span> <span class='ocrx_word' id='word_1_230' title='bbox 935 3329 1104 3411; x_wconf 86' lang='lat' dir='ltr'><strong>praesentis</strong></span> <span class='ocrx_word' id='word_1_231' title='bbox 1127 3329 1222 3392; x_wconf 85' lang='lat' dir='ltr'><strong>forma</strong></span> <span class='ocrx_word' id='word_1_232' title='bbox 1243 3329 1327 3392; x_wconf 90' lang='lat' dir='ltr'><strong>eius-</strong></span> 
     </span>
     <span class='ocr_line' id='line_1_29' title="bbox 189 3434 967 3515; baseline -0.001 -12"><span class='ocrx_word' id='word_1_233' title='bbox 189 3440 255 3504; x_wconf 89' lang='lat' dir='ltr'><strong>dcm</strong></span> <span class='ocrx_word' id='word_1_234' title='bbox 278 3441 361 3504; x_wconf 86' lang='lat' dir='ltr'><strong>vocis</strong></span> <span class='ocrx_word' id='word_1_235' title='bbox 383 3459 441 3505; x_wconf 90' lang='lat' dir='ltr'><strong>una</strong></span> <span class='ocrx_word' id='word_1_236' title='bbox 463 3448 574 3505; x_wconf 90' lang='lat' dir='ltr'><strong>tantum</strong></span> <span class='ocrx_word' id='word_1_237' title='bbox 596 3437 692 3504; x_wconf 87' lang='lat' dir='ltr'><strong>littera</strong></span> <span class='ocrx_word' id='word_1_238' title='bbox 713 3442 855 3505; x_wconf 86' lang='lat' dir='ltr'><strong>instructa</strong></span> <span class='ocrx_word' id='word_1_239' title='bbox 878 3439 916 3505; x_wconf 92' lang='lat' dir='ltr'><strong>sit</strong></span> <span class='ocrx_word' id='word_1_240' title='bbox 930 3434 967 3515; x_wconf 81' lang='lat'><strong>²).</strong></span> 
     </span>
    </p>
   </div>
   <div class='ocr_carea' id='block_1_3' title="bbox 193 3761 1328 4021">
    <p class='ocr_par' dir='ltr' id='par_1_4' title="bbox 193 3761 1328 4021">
     <span class='ocr_line' id='line_1_30' title="bbox 292 3761 1326 3833; baseline -0.004 -16"><span class='ocrx_word' id='word_1_241' title='bbox 292 3764 319 3828; x_wconf 88' lang='lat'><strong>1)</strong></span> <span class='ocrx_word' id='word_1_242' title='bbox 338 3764 418 3816; x_wconf 86' lang='lat' dir='ltr'><strong>Simili</strong></span> <span class='ocrx_word' id='word_1_243' title='bbox 446 3763 520 3816; x_wconf 92' lang='lat' dir='ltr'><strong>modo</strong></span> <span class='ocrx_word' id='word_1_244' title='bbox 546 3763 659 3815; x_wconf 83' lang='lat' dir='ltr'><strong>Latinam</strong></span> <span class='ocrx_word' id='word_1_245' title='bbox 686 3780 789 3833; x_wconf 89' lang='lat' dir='ltr'><strong>quoque</strong></span> <span class='ocrx_word' id='word_1_246' title='bbox 815 3762 929 3833; x_wconf 84' lang='lat' dir='ltr'><strong>linguam</strong></span> <span class='ocrx_word' id='word_1_247' title='bbox 954 3762 1103 3833; x_wconf 77' lang='lat' dir='ltr'><strong>gutturalem</strong></span> <span class='ocrx_word' id='word_1_248' title='bbox 1132 3762 1255 3815; x_wconf 78' lang='lat' dir='ltr'><strong>abiecisse</strong></span> <span class='ocrx_word' id='word_1_249' title='bbox 1280 3761 1326 3814; x_wconf 79' lang='lat' dir='ltr'><strong>de-</strong></span> 
     </span>
     <span class='ocr_line' id='line_1_31' title="bbox 193 3854 881 3927; baseline 0.001 -16"><span class='ocrx_word' id='word_1_250' title='bbox 193 3865 315 3912; x_wconf 87' lang='lat' dir='ltr'><strong>monstrat</strong></span> <span class='ocrx_word' id='word_1_251' title='bbox 332 3857 441 3911; x_wconf 83' lang='lat' dir='ltr'><strong>Corsscn</strong></span> <span class='ocrx_word' id='word_1_252' title='bbox 458 3857 491 3910; x_wconf 89' lang='lat' dir='ltr'><strong>de</strong></span> <span class='ocrx_word' id='word_1_253' title='bbox 509 3858 593 3912; x_wconf 80' lang='lat' dir='ltr'><strong>vocab</strong></span> <span class='ocrx_word' id='word_1_254' title='bbox 611 3858 671 3927; x_wconf 72' lang='lat' dir='ltr'><strong>ling.</strong></span> <span class='ocrx_word' id='word_1_255' title='bbox 687 3858 740 3912; x_wconf 83' lang='lat' dir='ltr'><strong>Lat.</strong></span> <span class='ocrx_word' id='word_1_256' title='bbox 757 3855 777 3912; x_wconf 89' lang='grc'><strong>1.</strong></span> <span class='ocrx_word' id='word_1_257' title='bbox 794 3870 820 3922; x_wconf 82' lang='lat' dir='ltr'><strong>p.</strong></span> <span class='ocrx_word' id='word_1_258' title='bbox 837 3854 881 3912; x_wconf 77' lang='grc'><strong>42.</strong></span> 
     </span>
     <span class='ocr_line' id='line_1_32' title="bbox 296 3947 1328 4021; baseline -0.006 -12"><span class='ocrx_word' id='word_1_259' title='bbox 296 3952 324 4021; x_wconf 80' lang='lat'><strong>2)</strong></span> <span class='ocrx_word' id='word_1_260' title='bbox 344 3951 383 4005; x_wconf 86' lang='lat' dir='ltr'><strong>Ob</strong></span> <span class='ocrx_word' id='word_1_261' title='bbox 407 3953 516 4006; x_wconf 83' lang='lat' dir='ltr'><strong>eandam</strong></span> <span class='ocrx_word' id='word_1_262' title='bbox 541 3969 643 4007; x_wconf 77' lang='lat' dir='ltr'><strong>causam</strong></span> <span class='ocrx_word' id='word_1_263' title='bbox 659 3953 686 4005; x_wconf 82' lang='lat' dir='ltr'><strong>in</strong></span> <span class='ocrx_word' id='word_1_264' title='bbox 711 3952 856 4021; x_wconf 77' lang='lat' dir='ltr'><strong>compositis</strong></span> <span class='ocrx_word' id='word_1_265' title='bbox 884 3952 967 4007; x_wconf 82' lang='lat' dir='ltr'><strong>latinis</strong></span> <span class='ocrx_word' id='word_1_266' title='bbox 993 3966 1154 4021; x_wconf 68' lang='lat' dir='ltr'><strong>„cognoscm</strong></span> <span class='ocrx_word' id='word_1_267' title='bbox 1184 3947 1328 4020; x_wconf 56' lang='lat' dir='ltr'><strong>cognatum</strong></span> 
     </span>
    </p>
   </div>
   <div class='ocr_carea' id='block_1_4' title="bbox 89 4047 579 4119">
    <p class='ocr_par' dir='ltr' id='par_1_5' title="bbox 89 4047 579 4119">
     <span class='ocr_line' id='line_1_33' title="bbox 89 4047 579 4119; baseline 0.037 -33"><span class='ocrx_word' id='word_1_268' title='bbox 89 4067 104 4086; x_wconf 89' lang='lat'><strong>.·</strong></span> <span class='ocrx_word' id='word_1_269' title='bbox 194 4048 318 4115; x_wconf 75' lang='lat' dir='ltr'><strong>primitiva</strong></span> <span class='ocrx_word' id='word_1_270' title='bbox 333 4047 462 4119; x_wconf 71' lang='lat' dir='ltr'><strong>genarati·</strong></span> <span class='ocrx_word' id='word_1_271' title='bbox 479 4049 579 4103; x_wconf 79' lang='lat' dir='ltr'><strong>mansit</strong></span> 
     </span>
    </p>
   </div>
   <div class='ocr_carea' id='block_1_5' title="bbox 0 0 1596 4817">
    <p class='ocr_par' dir='ltr' id='par_1_6' title="bbox 0 0 1596 4817">
     <span class='ocr_line' id='line_1_34' title="bbox 0 0 1596 4817; baseline 0 0"><span class='ocrx_word' id='word_1_272' title='bbox 0 0 1596 4817; x_wconf 95' lang='lat' dir='ltr'><strong> </strong></span> 
     </span>
    </p>
   </div>
  </div>
 </body>
</html>
