3175 4817
750 329 787 398 ll

207 505 346 571 rensidus
367 507 498 588 patuisse
519 506 590 570 licet
611 514 755 572 statuere.
775 505 848 569 Nam
870 506 993 588 primam
1011 521 1174 568 concursus
1188 504 1334 570 vocalium

205 617 236 682 in
258 617 315 681 illis
338 617 472 699 syllabis,
495 635 616 699 quarum
638 618 790 700 posterior
812 616 957 700 digamma
969 617 999 678 in
1009 615 1107 679 fronte
1118 616 1229 693 habuit,
1251 619 1334 682 nasci

203 745 264 792 non
287 723 433 810 potuit1),
455 735 516 792 tum
538 728 576 791 olr
599 728 744 812 digamma
767 746 860 810 saepe
882 727 994 811 syllaba
1016 727 1198 793 antecedens
1220 747 1334 794 conso-

202 846 293 904 nrnte
314 839 394 904 finita
416 858 472 923 per
496 840 674 922 positionem
697 840 840 922 prodacta
871 835 966 916 est-²).
1009 838 1106 914 Quam
1139 841 1177 903 ob
1203 860 1266 905 rem
1294 860 1334 906 ex

203 951 283 1015 hiatu
306 951 437 1016 admisso
460 960 490 1016 et
512 952 611 1016 illicita
633 952 828 1033 productione
848 960 931 1017 recte
953 951 1154 1030 conciuditur,
1172 954 1202 1016 in
1224 954 1332 1017 ilome·

207 1065 272 1127 rico
294 1080 436 1128 sermone
458 1063 550 1128 luisse
571 1082 684 1141 voces,
717 1066 825 1144 ouibus
855 1065 975 1147 spiritus
996 1065 1045 1128 illa
1068 1082 1219 1128 consonae
1240 1066 1333 1128 ricem

73 1169 79 1175 ’
202 1176 235 1239 in
256 1192 292 1238 se
313 1176 460 1257 recipiens
482 1175 651 1240 inhaeserit.
674 1176 732 1241 Sed
752 1177 801 1240 illa
823 1176 919 1241 littera
943 1194 1031 1259 quum
1043 1175 1249 1241 Alexandrinis
1272 1177 1334 1239 cri-

205 1287 271 1351 ticis
294 1295 375 1350 esset
395 1288 509 1371 ignota,
533 1306 551 1350 e
572 1295 654 1352 textu
676 1290 836 1352 carminum
848 1289 1070 1351 llomericorum
1083 1288 1214 1365 evanuit,
1237 1286 1335 1350 donec

203 1400 314 1463 nostris
338 1399 455 1463 demum
477 1400 663 1480 temporibus
691 1402 800 1485 insigni
821 1399 944 1463 Bentleii
974 1400 1133 1484 sagacitate
1155 1400 1185 1461 in
1206 1399 1263 1462 illis
1284 1399 1331 1461 in-

203 1512 348 1595 vestigata
371 1519 429 1576 est
474 1513 580 1577 Verum
610 1530 699 1594 quum
721 1512 873 1576 Bentleius
903 1519 934 1574 et
961 1512 1011 1592 qui
1040 1529 1106 1573 eum
1134 1511 1229 1575 secuti
1256 1516 1334 1588 sunt,

203 1623 379 1700 Danaeius,
408 1624 565 1707 Knightius
603 1623 738 1688 omnibus
766 1622 906 1688 remediis
935 1623 1066 1687 destituti
1104 1621 1264 1687 doctrinam
1294 1621 1333 1686 de

204 1733 352 1818 digammo
373 1743 457 1798 recte
478 1735 617 1799 adhibere
638 1737 805 1817 nequirent,
826 1735 892 1800 dari
914 1752 974 1798 nou
995 1735 1090 1816 potuit
1107 1735 1177 1815 quin
1190 1733 1332 1817 digamma

201 1846 390 1910 Homericum
419 1854 448 1909 et
475 1848 581 1911 multos
607 1847 742 1912 lautores
772 1849 993 1911 nancisceretur
1022 1845 1118 1918 (velat
1139 1846 1282 1929 lleynium
1303 1846 1333 1908 in

201 1957 277 2022 Exc.
300 1957 337 2020 ad
359 1957 394 2023 ll.
414 1981 432 2021 a
455 1958 519 2022 dssd
543 1960 601 2023 vol.
623 1958 685 2022 Vll.
706 1979 736 2043 p.
759 1956 950 2039 roc-772,
970 1960 1166 2022 Hermaunum
1190 1958 1219 2019 in
1242 1954 1333 2037 Orph.

203 2086 233 2150 p.
256 2068 331 2149 688,
353 2068 429 2151 ild,
451 2070 487 2135 ad
509 2071 607 2153 hymn.
627 2072 711 2134 ilorn.
732 2073 762 2134 in
774 2073 851 2137 Van.
862 2065 916 2149 86,
936 2071 1140 2134 Buttmannum
1161 2069 1191 2131 in
1205 2067 1333 2131 Gramm.

204 2179 311 2245 Graec.
333 2187 365 2257 s.
388 2182 408 2245 6
430 2191 530 2246 annot.
545 2180 575 2256 3,
597 2182 803 2247 'lhiersclrium
826 2184 856 2245 in
878 2201 1000 2267 gramm.
1019 2182 1104 2244 llom.
1122 2179 1190 2244 dial.
1213 2187 1243 2256 ς.
1258 2175 1333 2249 129)

202 2300 237 2357 et
256 2292 364 2357 multos
385 2294 610 2377 impugnatores
639 2295 785 2359 inveniret
812 2296 861 2368 (ut
884 2295 916 2358 ll.
939 2294 972 2358 d.
992 2292 1134 2357 Wollium
1157 2292 1186 2354 in
1209 2308 1334 2354 censura

202 2405 288 2470 llum.
311 2405 392 2470 lliud.
416 2406 452 2469 ab
476 2407 591 2490 llepnio
614 2407 680 2470 edit
705 2414 736 2469 et
763 2407 792 2469 in
816 2406 894 2470 l’rol.
915 2424 986 2470 nou.
1008 2405 1057 2468 ed.
1080 2424 1111 2485 p,
1131 2402 1232 2482 LXIV,
1253 2402 1335 2486 llge-

202 2518 283 2580 nium
306 2518 335 2580 in
358 2518 472 2599 praelat
494 2518 533 2583 ad
554 2519 653 2601 hymn.
675 2499 760 2582 Hom.
783 2538 814 2602 p.
838 2515 905 2594 tt).
926 2518 985 2583 Sed
1006 2517 1042 2580 lis
1067 2516 1114 2579 illa
1136 2533 1225 2590 nuno,
1247 2521 1334 2594 post·

204 2647 290 2710 quam
311 2628 478 2693 Boeclrhius
499 2630 738 2711 inscriptionibus
762 2630 886 2694 Graecis
909 2630 939 2692 in
960 2648 1048 2694 unum
1071 2645 1181 2709 corpus
1203 2625 1332 2689 redactis

202 2746 234 2803 et
262 2738 427 2804 dhrensius
455 2740 537 2804 libris
565 2741 603 2804 de
639 2740 766 2806 dialecto
798 2740 920 2806 Aeolica
950 2749 980 2805 et
1012 2741 1120 2804 Dorica
1155 2739 1273 2819 scriptis
1302 2745 1333 2800 et

200 2850 334 2933 Boppius
364 2855 553 2932 grammatica
582 2856 781 2937 comparativa
810 2853 951 2936 ampliora
983 2851 1116 2916 subsidia
1145 2856 1335 2933 paraverunt,

202 2962 242 3025 ita
264 2964 427 3044 composita
449 2971 512 3042 est,
543 2973 575 3028 ut
596 2966 748 3030 Bentleius
778 2966 931 3047 ceterique
960 2966 1009 3047 qui
1039 2964 1183 3047 digamma
1205 2960 1334 3042 amplexi

201 3082 270 3140 sunt
297 3076 354 3138 riri
385 3075 463 3138 docti
499 3079 545 3140 ius
575 3094 660 3141 suum
690 3078 886 3158 meritumque
916 3079 1072 3141 retineant
1115 3074 1219 3154 ltaque
1248 3079 1334 3135 recte

202 3186 329 3250 litteram
351 3195 410 3250 tam
433 3187 483 3251 diu
504 3189 641 3252 omissam
663 3190 692 3251 in
714 3190 864 3270 pristinum
887 3188 988 3253 sedem
1010 3183 1335 3252 renuntiantem

204 3298 233 3361 in
258 3297 390 3363 editione
412 3318 467 3364 sua
490 3302 647 3364 carminum
669 3302 901 3365 Homerioorum.

308 3468 338 3536 3.
360 3471 433 3534 'lum
457 3473 550 3557 sigma
574 3489 743 3538 consonans
765 3473 795 3535 in
818 3472 917 3556 lingua
933 3472 1046 3536 Graeca
1069 3469 1173 3534 multas
1195 3468 1335 3531 mutatio·

204 3601 259 3647 nes
282 3601 428 3666 perpessa
450 3593 506 3647 est.
535 3584 596 3650 Sed
618 3585 736 3647 omnino
755 3592 803 3648 est
823 3582 1122 3660 animadvertendum,
1143 3598 1247 3645 sonum
1269 3580 1335 3662 sig·

204 3696 287 3758 matis
310 3695 437 3776 duplicis
459 3714 527 3759 esso
548 3698 686 3780 generis,
707 3705 757 3760 aut
779 3704 893 3760 acutum
917 3703 967 3759 aut
988 3694 1116 3759 mollem.
1138 3694 1252 3756 Acutus
1270 3693 1335 3754 eius

203 3822 296 3871 sonus
317 3808 347 3869 in
369 3808 505 3871 omnibus
528 3807 662 3873 Graecae
685 3810 805 3893 linguae
828 3808 962 3872 dialectis
984 3808 1102 3891 integer
1123 3806 1246 3878 mansit,
1277 3802 1334 3865 nisi

192 4125 204 4140 ⁸
304 4114 331 4181 1)
350 4111 391 4169 cl.
409 4113 563 4168 Priscianum
580 4114 601 4170 1.
620 4130 644 4182 p.
662 4115 697 4170 20
713 4115 768 4194 (ed.
784 4114 860 4181 lisil).

304 4208 332 4276 2)
351 4207 392 4264 Gl.
408 4208 560 4264 Priscisnam
578 4208 597 4263 l.
616 4225 641 4277 p.
660 4210 703 4266 22.
