3175 4817
762 355 782 421 'l

210 550 274 598 rum
297 550 492 597 consonarum
514 533 662 615 positione
683 529 846 612 productae
868 536 985 606 essent,
1007 537 1110 609 postea
1132 528 1337 610 productionis

205 662 295 708 causa
318 652 460 708 carerent.
503 644 633 709 Eandem
664 642 701 704 ob
732 660 854 706 oausam
883 640 1004 704 Plautus
1034 641 1185 722 ceterique
1214 650 1337 706 veteres

203 766 310 840 poetae
332 756 427 819 Latini
448 757 624 838 saepissime
646 755 675 817 in
698 753 868 836 prosodiam
891 771 1018 834 peccone
1046 752 1115 815 olim
1144 752 1335 838 videbantur3

201 868 258 933 sed
281 886 360 931 nunc
381 877 537 950 postquam
560 845 693 930 remedia
722 864 759 928 ad
792 866 902 928 veteris
924 864 1042 949 linguae
1063 864 1183 927 Latinae
1205 864 1334 929 indolem

201 978 440 1062 cognoscendam
462 987 562 1060 parata
585 986 665 1055 sunt,
687 976 858 1059 prosodiam
881 977 995 1041 illorum
1019 985 1075 1039 tam
1095 975 1247 1038 stabilitam
1266 994 1337 1040 esse

201 1109 237 1154 ao
260 1091 315 1153 sibi
345 1099 483 1154 constare
512 1099 610 1173 patet,
640 1108 726 1172 quarn
756 1089 884 1174 linguam
906 1089 1045 1151 tluctuare
1067 1096 1157 1169 atque
1179 1087 1335 1168 ancipitem

201 1220 271 1265 esse
293 1191 486 1284 conspicitur.
518 1203 622 1284 ltaque
644 1203 670 1266 si
693 1202 758 1282 quis
781 1202 819 1264 de
842 1202 960 1264 Homeri
982 1199 1120 1282 prosodia
1144 1199 1207 1263 vult
1230 1218 1336 1282 agere,

202 1314 357 1376 maximam
380 1332 478 1377 curam
501 1314 640 1377 adbibere
665 1312 766 1392 debet,
787 1320 821 1376 ut
842 1312 952 1375 iormas
974 1329 1093 1386 vocum,
1117 1311 1219 1392 quales
1242 1318 1338 1374 aetate

200 1424 322 1487 Homeri
345 1426 503 1508 viguerint,
524 1426 670 1489 restituat.
714 1425 821 1505 Neque
843 1441 917 1487 vero
940 1423 1120 1506 cogitatione
1143 1422 1199 1485 bae
1221 1421 1337 1486 formae

201 1537 339 1602 constitui
360 1545 504 1619 possunt,
533 1545 564 1601 ut
590 1536 687 1600 studia
708 1536 850 1616 Lennepii
873 1534 1057 1615 aliorumque
1080 1535 1209 1596 virorum
1232 1533 1335 1597 docto-

201 1666 278 1726 rum,
301 1650 412 1731 quippc
435 1649 484 1730 qui
506 1649 534 1711 in
557 1649 672 1730 origine
694 1665 800 1711 vocum
815 1646 943 1710 notando
958 1645 1017 1709 bne
1030 1646 1208 1724 exciderint,
1230 1654 1337 1708 osten·

202 1759 292 1837 dunt,
323 1759 376 1823 sed
399 1758 499 1823 fontes
527 1759 689 1840 quaerendi
718 1766 805 1836 sunt,
835 1758 914 1822 unde
943 1777 1045 1822 veram
1075 1765 1105 1820 et
1133 1757 1336 1840 primigeniam

202 1890 311 1935 vocum
334 1872 465 1953 speeiem
489 1871 667 1953 depromere
688 1873 848 1952 possimus.

726 2069 756 2138 §.
779 2067 811 2130 d.

307 2204 406 2284 Atque
429 2205 552 2284 primurn
577 2202 692 2284 quidem
715 2205 842 2285 optimus
870 2202 937 2267 lons
968 2202 1129 2267 formarum
1152 2204 1337 2284 antiquarum

201 2322 272 2379 sunt
294 2313 421 2378 dialecti.
443 2316 514 2378 Nam
537 2332 629 2397 saepe
651 2313 692 2394 fit,
715 2322 745 2377 ut
767 2315 841 2378 aliae
864 2314 979 2379 dialecti
992 2334 1031 2378 ex
1047 2316 1147 2399 lingua
1164 2316 1338 2398 primigenia

204 2426 316 2491 formas
339 2428 499 2505 retineant,
530 2445 608 2508 quae
641 2446 680 2490 ex
711 2427 842 2491 dialectis
875 2427 994 2490 aliarum
1024 2429 1158 2509 stirpium
1190 2429 1286 2490 minus
1308 2428 1338 2491 in

168 2576 172 2584 ι
205 2538 366 2602 retinendis
407 2538 510 2602 iornris
551 2539 678 2619 antiquis
718 2539 863 2602 tenacium
904 2558 1029 2620 prorsus
1063 2548 1256 2602 evanuerunt.
1302 2539 1340 2602 Ut

206 2650 345 2731 exemplo
367 2658 449 2729 utar,
480 2650 622 2715 dialectos
651 2650 773 2714 Aeolica
803 2653 923 2715 retinuit
947 2651 990 2737 βρ
1019 2651 1151 2731 aliasque
1173 2652 1284 2715 litteras
1309 2653 1337 2714 in

206 2759 305 2823 fronte
327 2779 433 2825 vocum
456 2763 580 2844 positas,
604 2764 653 2844 qui
675 2763 837 2826 litterarum
858 2782 931 2827 usus
953 2765 1009 2826 iarn
1033 2781 1071 2825 ex
1093 2763 1197 2826 donica
1211 2762 1349 2840 dialecto

200 2872 300 2935 exulat
341 2874 436 2954 Atque
457 2877 487 2936 in
509 2883 611 2937 nostra
634 2878 811 2957 quaestione
834 2885 995 2957 propterea
1018 2893 1124 2958 magna
1148 2873 1338 2939 dialectorum

202 2986 278 3048 ratio
301 2984 438 3048 babendo
461 2994 522 3063 est,
550 2985 631 3067 quod
653 2995 768 3050 constat
791 2988 934 3051 dialectos
958 2989 1076 3052 Homeri
1100 2995 1197 3051 aetate
1219 2989 1339 3051 nonita

202 3097 324 3160 multum
346 3098 425 3160 inter
447 3116 481 3161 se
504 3097 703 3180 discrepuissc
730 3099 785 3172 (ct.
807 3099 967 3164 Hermann⁴
991 3099 1096 3163 Graec.
1119 3100 1191 3185 ling.
1215 3099 1282 3162 diat
1307 3116 1339 3180 p.

201 3207 251 3287 V).
273 3209 385 3274 Verum
408 3208 443 3271 ad
467 3209 606 3297 dialectos
629 3211 857 3294 cognoscendas
880 3210 1012 3275 remedia
1035 3212 1219 3290 deficiebant,
1243 3211 1340 3275 donec

202 3321 314 3384 nostris
336 3321 519 3403 temporibus
541 3322 708 3386 Abrensius
731 3323 841 3407 insigni
863 3325 1025 3406 sagacitate
1037 3325 1224 3404 maximoque
1235 3323 1339 3387 labore

201 3429 363 3495 doctrinam
387 3431 425 3497 da
447 3433 579 3498 dialectis
602 3434 735 3516 perfecit.

248 3629 252 3634 ᾖ
305 3543 336 3607 2.
369 3544 453 3607 Alter
476 3544 554 3623 lons,
578 3565 617 3609 ex
639 3562 700 3627 quo
723 3546 798 3608 illam
823 3565 879 3627 qua
900 3547 1049 3610 Homerus
1071 3564 1145 3608 usus
1168 3554 1212 3610 est
1232 3565 1338 3610 vonum

201 3652 326 3717 formam
350 3654 470 3719 baurire
491 3675 663 3739 possumus,
686 3665 756 3721 sunt
776 3660 969 3743 grammatici.
992 3657 1052 3723 Sed
1068 3659 1097 3722 bi
1111 3676 1198 3739 quum
1212 3659 1339 3721 carmina

200 3764 358 3830 Homerica
388 3766 492 3831 Jonica
523 3767 650 3831 dialecto
678 3772 840 3852 composita
871 3789 942 3835 esse
970 3769 1198 3848 arbitrarentur,
1234 3786 1337 3832 omnes

198 3875 311 3941 iorrnas
336 3878 372 3942 ab
394 3878 518 3944 Jonioae
548 3879 665 3943 dialecti
696 3898 755 3945 usu
783 3889 913 3945 remotas
945 3900 984 3945 err
1005 3882 1129 3945 Aeolica
1160 3888 1209 3943 aut
1230 3879 1338 3944 norica

197 3996 248 4052 aut
270 3989 327 4054 alia
350 3989 487 4070 dialecto,
509 3993 594 4055 cuius
616 3990 720 4055 tornis
734 3991 848 4056 formae
864 3992 1038 4056 Homericae
1061 3999 1145 4057 erant
1166 3991 1338 4068 simillimae,

196 4101 306 4182 petitas
329 4119 400 4165 esse
414 4104 543 4184 professi
560 4111 639 4168 suut
662 4103 844 4186 Quamquam
861 4106 891 4167 iu
903 4104 1000 4167 medio
1014 4105 1144 4187 positum
1161 4112 1209 4166 est
1224 4102 1338 4165 Home-

196 4227 265 4275 rum
287 4211 376 4277 talem
399 4215 549 4279 variarum
571 4197 732 4279 formarum
755 4215 934 4301 farraginem
958 4221 1184 4299 componentem
1199 4230 1259 4276 uon
1272 4231 1338 4276 mo-
