3175 4817
754 347 774 414 3

24 583 27 592 .
57 552 61 560 ·
101 541 105 550 ·
193 530 247 586 ant
268 540 333 584 cum
356 500 464 602 pedum
481 539 731 603 numerorumque
745 521 952 587 moderatione
969 520 1171 585 coniunxisse.
1193 521 1329 586 Alterum

191 633 394 714 si‘accipitur,
415 639 565 695 accentum
588 634 705 696 ommno
727 633 839 697 nullam
861 634 920 696 vim
943 632 1082 696 babuisse
1104 632 1327 697 concedendum

190 751 251 817 est,
273 743 319 806 sin
341 742 476 823 alterum,
498 744 633 826 accipere
655 744 725 809 licet
747 761 851 809 aurern
873 742 1034 826 prosodiae
1057 744 1093 807 ab
1117 752 1240 809 accentu
1262 744 1328 810 dis·

190 856 326 936 crepanti
356 855 394 918 ita
424 843 616 936 as'sueuisse,
645 863 681 919 ut.
704 864 814 920 tantam
844 856 903 919 viro
933 856 1100 921 absorbere
1127 874 1186 918 non
1215 864 1328 938 posset

193 968 269 1031 'lum
299 984 374 1030 vero
403 984 464 1029 nou
493 967 565 1030 satis
592 974 727 1046 constat,
757 968 878 1031 Homeri
907 967 1090 1049 temporibus
1119 966 1262 1032 vocabula
1290 984 1328 1032 co

195 1078 264 1142 loco
286 1076 426 1141 babuisse
448 1085 610 1158 accentum,
632 1096 692 1159 qun
707 1076 982 1152 Hermanuusleum
1005 1079 1133 1161 positum
1156 1096 1226 1143 esse
1248 1078 1330 1142 arbi-

193 1197 308 1271 tratur'3
330 1208 398 1253 nam
414 1190 491 1253 baud
507 1208 640 1275 magnam
652 1191 683 1253 in
707 1190 918 1254 dubitationem
942 1191 1062 1253 vocavit
1075 1190 1215 1254 Abreosii
1235 1167 1330 1274 ‘sagan

192 1302 269 1365 citas
291 1302 361 1382 quin
387 1302 594 1383 antiquissimis
616 1302 799 1383 temporibus
824 1302 924 1366 ultima
955 1320 1062 1366 vocum
1091 1302 1203 1385 syllaba
1232 1304 1330 1367 raris·

196 1413 270 1476 sime
292 1419 414 1475 accentu
437 1412 513 1476 elata
535 1414 573 1478 sit
594 1412 647 1490 (cl.
670 1414 798 1478 Ahreos.
822 1413 861 1477 de
883 1413 952 1478 dial.
974 1413 1061 1477 Aeol.
1084 1432 1113 1494 p.
1128 1413 1195 1488 13).
1217 1412 1330 1477 Deinde

193 1524 223 1588 si
245 1524 380 1587 accentui
409 1531 487 1588 tanta
517 1526 562 1588 vis
591 1526 777 1602 attribuitur,
807 1534 839 1588 nt
867 1543 905 1587 eo
935 1524 1032 1606 posito
1062 1521 1196 1605 syllabae
1225 1525 1330 1590 finales

193 1626 353 1714 o’omoodi,
370 1622 537 1714 ἀναιμωτί,
559 1628 716 1716 αὐτονυχί,
739 1636 861 1700 aliorum
883 1635 1093 1700 adverbiorum
1116 1636 1331 1718 producantur,

197 1749 247 1828 qui
268 1746 298 1809 fit
321 1756 353 1811 ut
376 1748 484 1811 multae
505 1748 654 1830 syllabae,
684 1766 760 1829 quae
789 1749 860 1812 item
891 1754 1016 1812 accentu
1038 1754 1156 1811 notatae
1184 1756 1269 1828 sunt,
1298 1755 1332 1814 ut

199 1858 302 1921 finales
324 1877 430 1922 vocum
450 1855 650 1942 μεγαλωστί,
670 1856 837 1941 μελεϊστὶ,
869 1879 987 1942 semper
1011 1861 1224 1942 corripiantur,
1253 1860 1330 1932 aliae

197 1988 273 2033 vero
296 1970 450 2053 syllabae,
480 1990 656 2054 quamquam
679 1981 834 2036 accentum
856 1991 916 2036 non
937 1972 1064 2050 babent,
1087 1980 1185 2036 tamen
1206 1971 1329 2056 longam

195 2100 360 2145 mensuram
392 2084 551 2165 expleant?
594 2086 728 2167 Denique
759 2086 876 2149 omnino
907 2084 1065 2148 dicendum
1097 2091 1145 2147 est
1174 2091 1330 2147 accentum

196 2194 227 2256 io
266 2196 380 2275 antiqua
417 2196 599 2259 Graecorum
634 2197 776 2278 prosodia
814 2195 886 2259 nibil
914 2194 1068 2273 valuisse,
1103 2194 1212 2276 qnippe
1251 2212 1330 2277 quae

195 2306 363 2386 quantitatis
386 2325 475 2388 quam
497 2308 598 2370 dicunt
620 2308 761 2389 principio
785 2325 821 2370 ac
841 2306 1034 2370 fundamento
1056 2306 1164 2368 nitatur
1186 2313 1217 2368 ct
1238 2306 1268 2368 in
1293 2323 1330 2370 ea

195 2426 337 2480 accentus
360 2420 513 2499 quantitati
535 2419 576 2481 illi
598 2419 730 2500 quidem,
762 2437 910 2499 nunquam
934 2437 1007 2481 vero
1029 2419 1175 2499 quantitas
1197 2418 1332 2483 accentui

194 2545 232 2591 se
254 2530 390 2611 applicet.
1359 2517 1361 2524 ’

299 2642 330 2704 2.
362 2642 434 2704 Tum
457 2659 612 2705 caesuram
635 2649 665 2705 et
685 2642 965 2722 interpunctionem,
988 2660 1068 2722 quac
1090 2634 1214 2705 brevem
1237 2640 1332 2721 sylla·

198 2749 264 2812 bam
287 2752 406 2833 excipit,
429 2752 465 2815 ad
488 2752 597 2816 breves
619 2751 747 2834 syllabas
769 2753 974 2834 producendas
997 2753 1118 2818 multum
1141 2752 1253 2829 valere,
1275 2752 1331 2815 viri

197 2861 277 2925 docti
295 2863 487 2928 contendunt.
509 2864 609 2945 Atque
632 2866 686 2927 iam
710 2865 859 2929 veteribus
881 2864 955 2952 bono
969 2864 1146 2929 sententiam
1163 2863 1331 2927 innotuisse

196 2981 320 3055 apparet
349 2993 389 3037 cx
408 2976 553 3039 Eustatbii
580 2977 768 3041 annotatione
800 2977 836 3039 ad
859 2976 890 3040 lt.
914 2972 934 3053 ζ
955 2973 1018 3040 265
1039 2995 1069 3057 p.
1092 2973 1166 3055 6l5,
1189 2976 1239 3039 ubi
1261 2974 1331 3037 vul-

196 3092 295 3168 gatam
318 3086 492 3168 scripturam
507 3087 637 3151 defendit
654 3088 701 3151 his
715 3088 834 3152 verbist
853 3082 975 3167 μένεος,
995 3077 1097 3171 σῖλκῆς
1117 3107 1151 3151 τε
1173 3078 1331 3167 λάθωμαι

197 3196 372 3280 (legendum
401 3207 448 3263 est
476 3195 588 3281 μένεος
614 3189 757 3284 δ’ἆλκῆς)
787 3186 825 3265 oo
846 3193 882 3263 δὲ
902 3195 1014 3280 μένεος
1042 3192 1175 3263 ἐκτείνει
1196 3185 1252 3281 τήν
1273 3182 1331 3280 λη’-

138 3364 141 3372 .
195 3328 314 3390 γουσαν
336 3300 393 3373 deo?
414 3298 470 3395 τήν
490 3303 685 3397 ἄρὲσκσιισαν
706 3300 899 3397 Ἀριστάρχῳ
919 3304 1044 3374 τέλειαι
1066 3297 1198 3391 στιγμήν
1219 3303 1274 3372 καὶ
1294 3325 1333 3369 τσ

198 3413 231 3483 ἐν
246 3410 329 3504 αι’τῇ
350 3411 494 3507 χρόνιζσν
507 3419 562 3486 καὶ
576 3413 728 3503 στάσιμον
740 3417 799 3505 τῆς
813 3418 922 3508 φωνῆς
937 3413 1023 3505 λόγῳ
1037 3418 1147 3505 κοινῆς
1161 3416 1332 3502 συλλαβῆς.

196 3529 252 3596 Cui
279 3534 440 3596 sententiae
468 3536 546 3599 inter
576 3543 715 3599 recentes
743 3534 863 3615 Apelius
894 3532 1055 3609 (demetr.
1085 3550 1113 3614 p.
1133 3528 1214 3605 tan)
1243 3539 1334 3612 atque

199 3642 352 3709 Soidlerus
364 3641 409 3725 (in
424 3647 510 3728 epist
526 3646 564 3709 ad
576 3646 757 3711 Lobeclriom
770 3646 853 3710 Aiaci
864 3645 950 3708 buius
966 3644 1101 3709 adiuncta
1114 3663 1145 3726 p.
1154 3642 1218 3707 lat
1230 3642 1334 3725 seqq.)

199 3753 318 3837 favent,
340 3756 421 3838 qood
441 3758 656 3838 interpunctio,
679 3758 817 3840 quoniam
840 3757 1004 3822 consistere
1026 3773 1132 3819 vocem
1154 3762 1185 3819 et
1207 3754 1332 3835 aliquam

199 3884 311 3931 moram
332 3869 397 3934 lieri
414 3869 552 3952 postulet,
574 3870 727 3953 syllabam,
749 3887 826 3951 qnae
848 3868 950 3934 brevis
972 3869 1020 3946 sit,
1041 3867 1197 3950 producat.
1219 3866 1332 3930 Verum

198 3977 462 4060 interpunctionem
483 3989 592 4045 tantam
613 3985 643 4043 iu
664 3980 892 4045 antecedentem
915 3977 1060 4060 syllabam
1075 3984 1252 4060 potestatem
1271 3976 1332 4041 ba·

197 4088 318 4172 boisce,
338 4093 427 4157 statui
449 4092 559 4175 nequit,
579 4112 668 4177 quum
689 4110 728 4155 ue
746 4090 958 4175 apostrophum
971 4089 1089 4173 quidem
1105 4087 1256 4153 sustulerit
1270 4106 1333 4152 ne-

198 4219 257 4284 que
279 4202 317 4267 od
339 4204 445 4270 biatum
468 4204 671 4271 excusandum
692 4204 828 4271 valuerit.

1126 4301 1175 4368 1}
