3175 4817
745 299 788 367 35

289 480 316 548 1·
338 475 509 649 Ἧλίίλλὸ
530 573 628 656 ἔπεσε
648 574 750 665 μελίη,
771 598 798 642 π
824 573 884 644 143
905 570 1048 658 πηλιάδα
1067 575 1195 664 μελίην,
1224 600 1250 645 π
1269 574 1334 643 tto

408 682 511 779 φηρόν
538 710 574 755 τε
598 682 728 775 μελίην,
757 712 775 754 ε
804 683 867 752 390
896 682 1042 776 πηλιάδα
1068 687 1194 774 μελίην,
1222 714 1239 756 ν
1271 686 1333 752 277

411 799 483 890 ἤιζε
510 798 638 885 μελίην,
668 823 688 865 v
717 797 780 862 320
802 790 822 867 ὁ
849 797 887 866 δὲ
906 797 1036 886 μελίην,
1063 825 1083 882 χ
1107 797 1167 863 133
1189 792 1335 888 πηλιείδα

412 910 536 999 μελίην,
558 936 578 994 χ
600 908 662 974 225
685 907 743 977 ε’πλ
763 908 877 998 μελίης
898 923 929 977 et
946 932 1066 997 semper
1087 908 1267 999 ἐϋμμελίης,
1289 917 1337 982 cui

413 1028 541 1092 adiicere
562 1027 660 1110 placet
681 1020 898 1109 φερεμμελίης
926 1024 1006 1105 apud
1023 1027 1226 1090 Mimnermum
1246 1045 1339 1095 carm.

417 1136 477 1217 12,
509 1137 531 1203 4
560 1138 608 1203 ed.
632 1136 850 1204 Schneidewin.
895 1135 1060 1218 Corripitur
1085 1157 1207 1221 semper
1228 1139 1340 1222 syllaba

416 1252 517 1315 breuis
545 1257 614 1316 ante
642 1247 819 1313 adiectivum
840 1247 973 1314 eiusdem
994 1248 1100 1313 radicis
1127 1246 1282 1331 μελλινος,
1310 1259 1342 1316 ut

415 1363 446 1429 u.
478 1382 506 1426 π
531 1357 595 1425 814
617 1353 696 1445 δόρυ
717 1356 868 1440 μείλινον.
913 1359 971 1426 Sed
994 1360 1148 1425 dicendum
1171 1372 1227 1442 est,
1249 1382 1342 1447 saepe

416 1494 471 1539 usu
493 1475 598 1537 venire
619 1481 652 1536 ut
675 1472 809 1536 derivata
832 1479 994 1550 mutentur,
1025 1491 1115 1553 quum
1137 1474 1253 1539 radices
1276 1476 1343 1541 ior·

417 1605 492 1650 mam
513 1586 684 1668 primitivam
706 1585 850 1667 integram
873 1584 1029 1647 retineant.

316 1710 381 1775 Atta
411 1704 541 1771 eiusdem
571 1706 693 1789 generis
721 1705 811 1769 arbor
844 1712 956 1783 exstat,
987 1724 1073 1786 quam
1103 1708 1209 1772 Graeci
1230 1703 1345 1788 σμίλας

212 1829 332 1887 uocant.
378 1821 469 1883 Huius
491 1819 573 1882 vocis
604 1818 696 1898 prima
719 1816 814 1880 littero
844 1824 948 1898 postca
971 1826 1021 1880 aut
1043 1817 1128 1882 abiici
1151 1826 1202 1882 aut
1222 1819 1345 1884 retineri

214 1931 328 2017 potuit,
359 1940 391 1996 ut
413 1932 488 1995 duae
509 1930 623 1994 formae
644 1937 746 1994 essent
767 1924 881 2008 σμῖλος
902 1936 933 1992 et
953 1925 1054 2009 μῖλος.
1098 1930 1238 1996 Radicem
1260 1932 1346 1996 buius

215 2045 390 2111 substantivi
412 2042 529 2107 confert
549 2041 700 2123 Renieyus
722 2039 744 2105 1.
767 2036 830 2104 477
853 2042 913 2106 Sct.
935 2040 1034 2120 ‚,smi“
1056 2043 1196 2123 (polire),
1218 2051 1250 2107 ut
1273 2045 1348 2125 σμῖ-

135 2239 138 2244 ,
216 2155 272 2234 λος
301 2157 425 2239 proprie
455 2153 601 2237 significet
629 2152 790 2231 „arborem
828 2151 954 2217 leuem.“
1004 2154 1113 2218 Verum
1142 2155 1254 2219 maiore
1282 2174 1349 2219 cum

220 2269 284 2332 iure
307 2268 390 2331 credi
420 2273 520 2349 potest
541 2264 703 2343 fraxinum,
732 2282 811 2345 quae
840 2264 878 2327 ob
901 2264 1050 2329 levitatem
1073 2267 1111 2330 ad
1132 2267 1230 2331 bastae
1254 2267 1351 2330 conb-

221 2380 342 2444 ciendos
366 2378 573 2461 usurpabatur,
596 2396 613 2438 a
635 2375 753 2440 levitate
775 2394 882 2439 nomen
897 2376 1015 2441 ducere.
1050 2378 1110 2443 Sed
1125 2397 1214 2460 quum
1233 2381 1351 2444 omnino

221 2493 348 2558 dubitari
378 2498 522 2573 nequeat,
551 2489 621 2570 quin
643 2506 734 2551 voces
754 2482 849 2572 μελίη
872 2496 902 2551 et
928 2486 1028 2570 μῖλαξ
1050 2487 1197 2571 (opstat)
1221 2491 1353 2556 eiusdem

223 2605 346 2688 originis
376 2605 449 2677 sint,
480 2611 633 2683 utramque
662 2600 730 2663 olim
759 2620 776 2663 a
805 2600 919 2665 duabus
942 2603 1081 2667 consonis
1103 2604 1252 2684 incepisse
1275 2622 1353 2668 con·

223 2714 345 2779 eludere
367 2714 445 2778 iicet.

311 2821 341 2891 2.
362 2813 497 2906 perducito.

328 2932 421 2994 Prima
450 2930 544 2993 littera
572 2946 692 3009 semper
712 2930 879 3013 geminatur
909 2930 938 2992 iu
966 2929 1111 2996 adiectiro
1133 2923 1357 3019 φιλομμενδὴς.

223 3041 373 3125 Benieyus
402 3049 486 3105 recte
516 3039 639 3104 verbum
669 3049 820 3123 comparat
846 3060 913 3106 cum
935 3043 995 3108 Sct.
1025 3044 1119 3124 ,‚smi“
1149 3044 1264 3118 (ridere
1277 3040 1303 3121 ¹)
1326 3052 1358 3110 et

226 3153 331 3218 Tbiud.
354 3152 508 3231 „smilenffl
552 3153 667 3217 Graeca·
695 3152 794 3236 lingua
824 3154 854 3216 in
882 3152 932 3217 itta
966 3162 1076 3219 tantum
1105 3156 1250 3222 adiectivo
1272 3174 1358 3221 com-

225 3267 324 3348 posito
342 3266 468 3344 ¹litteram
491 3265 597 3330 frontis
618 3266 755 3329 initialem
778 3266 911 3342 retinuit,
942 3286 1019 3349 quae
1042 3287 1108 3331 cum
1129 3255 1239 3351 liquida
1260 3292 1284 3351 μ
1305 3288 1357 3334 as·

227 3377 399 3443 similatione
421 3379 451 3441 in
473 3396 563 3441 unum
585 3396 690 3441 sonum
712 3378 861 3443 coaluisse
882 3379 1005 3445 videtur.

313 3484 344 3555 3.
366 3491 466 3553 ΜΕΡ.

379 3598 414 3668 a)
434 3596 542 3676 μοῖρα.
579 3593 612 3657 ΙΙ.
634 3611 661 3655 π
681 3587 762 3673 367,
785 3594 841 3658 od.
863 3614 883 3678 y
906 3589 988 3674 331,
1012 3590 1093 3676 457,
1114 3595 1135 3660 d
1157 3592 1238 3674 783,
1261 3599 1289 3661 b
1311 3594 1362 3676 54,

435 3698 517 3785 398,
547 3726 561 3769 c
584 3700 665 3784 245,
692 3698 776 3787 309,
808 3702 886 3787 342,
908 3729 927 3768 κ
951 3702 1008 3782 16,
1030 3730 1056 3790 μ
1077 3705 1134 3789 35,
1156 3731 1175 3773 v
1197 3705 1258 3775 281
1282 3697 1365 3774 καειί

432 3820 556 3899 μοῖραν.
579 3815 637 3881 Od.
658 3816 677 3896 ξ
699 3812 762 3881 434
784 3811 977 3905 ὁιὲμονράεο.

380 3931 413 4006 b)
436 3922 581 4013 ἔμμορεν,
603 3919 755 4015 ἔμμορες.

335 4100 363 4166 1)
382 4099 496 4155 Ceterum
519 4099 672 4153 mouendum
696 4107 736 4152 est
758 4099 869 4153 radicem
897 4102 982 4166 ‚,emi“
1005 4101 1109 4170 (fidere)
1133 4102 1240 4155 mudena
1258 4118 1314 4155 erse
1332 4117 1367 4155 ac

230 4188 313 4253 ‚pmi“
330 4187 448 4251 (potire).

1164 4270 1211 4338 3*
