3175 4817
829 275 871 342 18

280 447 356 514 alita
378 446 511 530 syllabae
533 446 642 510 breves
664 445 879 528 producuntur,
900 447 1019 532 longam
1038 468 1205 515 mensuram
1219 450 1331 532 explet
1353 449 1414 515 Sed

281 567 316 624 ut
337 559 414 624 hano
435 558 591 641 ancipitem
620 557 718 622 suffixi
752 577 920 624 mensuram
950 569 1130 641 statuamus,
1160 581 1197 627 eo
1231 563 1324 646 magis
1346 579 1415 627 mo·

281 689 401 750 remur,
424 670 504 753 quod
526 671 616 734 dativi
643 671 736 735 Latini
758 671 914 753 suffixum,
941 675 989 737 cui
1018 674 1144 739 candem
1171 675 1317 759 originem
1346 674 1414 738 ain·

281 783 382 848 dicare
403 802 462 847 oon
485 782 607 863 dubito,
636 802 757 867 semper
778 784 898 867 longam
920 785 1064 868 syllabam
1086 786 1183 850 allicit.
1224 787 1414 869 Atquequum

281 897 311 961 in
334 897 468 961 omnibus
490 896 598 980 linguis
620 895 775 959 observari
794 898 909 978 possit,
938 897 1067 979 syllabas
1092 898 1194 961 finales
1215 900 1324 963 sensim
1346 917 1415 962 cor·

280 1009 359 1092 ripi,
382 1008 567 1091 probandum
590 1008 706 1072 videtur
728 1010 928 1092 primigeniam
958 1030 971 1073 ι
1000 1010 1089 1073 dativi
1111 1029 1275 1074 mensuram
1297 1013 1336 1075 ita
1357 1009 1415 1075 de-

284 1121 425 1185 bilitatam
448 1138 527 1200 esse,
550 1127 581 1182 ut
604 1120 721 1183 Homeri
744 1127 881 1203 tempore
903 1140 1014 1203 anceps
1036 1130 1128 1186 esset
1159 1121 1259 1204 ltaque
1282 1122 1416 1205 plerum-

280 1252 341 1316 que
370 1234 400 1297 in
428 1232 563 1297 formulis
593 1233 684 1314 epicis
714 1240 745 1296 et
776 1251 854 1313 quae
883 1235 1017 1316 integrae
1046 1253 1086 1298 er
1117 1234 1216 1298 ultima
1244 1236 1415 1317 antiquitate

279 1347 439 1410 manserint
464 1346 608 1428 primitiva
631 1344 707 1408 illius
729 1345 825 1411 suffixi
848 1364 986 1411 mensura
1009 1354 1189 1441 conservata
1213 1356 1271 1412 est.

803 1647 833 1725 ἕ.
863 1643 893 1710 7.

384 1835 590 1899 Producuntur
618 1852 691 1898 vero
720 1836 846 1917 primum
876 1836 987 1899 breves
1017 1835 1150 1917 syllabae
1179 1844 1248 1900 ante
1273 1854 1365 1901 uoces
1394 1856 1414 1900 a

278 1946 398 2029 liquidis
428 1948 620 2029 excipientes.
652 1948 751 2028 Atque
780 1948 861 2010 multi
891 1949 945 2010 iam
979 1948 1227 2021 observaverunt.
1248 1949 1325 2030 apud
1348 1950 1414 2012 llo·

278 2079 395 2124 merum
418 2060 514 2123 omnia
537 2058 630 2121 verba
660 2078 676 2121 a
706 2080 725 2144 p
754 2058 862 2141 liquida
890 2059 1035 2123 ordientia
1065 2078 1189 2141 prorsus
1212 2060 1333 2125 eandem
1355 2062 1415 2125 vina

278 2173 391 2237 habere
413 2190 449 2235 ac
470 2173 495 2236 si
519 2191 536 2234 a
559 2171 634 2234 binis
656 2173 799 2235 consonis
821 2173 1014 2250 inchoarent,
1036 2172 1117 2253 quod
1138 2191 1227 2236 secus
1248 2191 1282 2236 se
1303 2173 1415 2237 habere

280 2284 363 2347 multi
384 2283 604 2347 lucillomerici
628 2284 796 2347 ostendunt.
827 2283 888 2349 Sed
907 2285 961 2347 iam
973 2286 1131 2348 Dawesius
1154 2285 1237 2349 miso.
1260 2286 1325 2349 crit.
1347 2292 1417 2348 ante

277 2396 428 2462 saeculum
456 2396 521 2460 lere
544 2396 674 2460 ostendit
695 2415 786 2459 voces
810 2415 827 2458 a
847 2418 866 2479 ρ
889 2396 1060 2475 ordientes,
1083 2416 1160 2478 quae
1181 2396 1258 2460 illam
1279 2398 1338 2460 vim
1359 2397 1411 2460 ha·

277 2508 386 2588 beant,
414 2509 484 2572 olim
514 2508 627 2573 duabus
659 2510 687 2571 in
715 2508 814 2572 ironte
844 2509 984 2572 consonis
1012 2510 1172 2573 instructas
1201 2510 1297 2574 luisse
1319 2527 1416 2589 nequa

275 2621 332 2685 hac
354 2621 514 2686 litterarum
537 2622 747 2685 coniunctione
777 2620 935 2702 quidquam
964 2622 1057 2705 magis
1086 2623 1116 2685 in
1136 2623 1273 2701 autiquae
1295 2620 1416 2705 linguae

217 2793 220 2800 .
276 2751 332 2796 usu
354 2732 458 2797 luisse.
487 2733 571 2807 Quae
587 2734 717 2796 anestt
737 2733 871 2795 doctrina
895 2732 944 2795 diu
966 2740 1066 2815 spreta
1088 2741 1119 2797 et
1140 2733 1238 2796 derisa
1260 2751 1339 2796 nunc
1361 2750 1416 2796 ao·

277 2852 366 2927 cepta
407 2853 438 2910 et
471 2844 605 2908 dialectts
638 2846 891 2928 grammaticaque
925 2847 1123 2927 comparativa
1157 2845 1329 2909 confirmata
1358 2852 1414 2908 est.

276 2958 350 3024 Sunt
372 2964 468 3022 autem
491 2956 608 3022 radices
630 2956 703 3024 hae:

365 3113 393 3182 1.
416 3114 549 3178 ΕΡΛΓ.

415 3244 450 3315 a)
482 3233 618 3329 ρἠνυμι
640 3248 670 3304 et
692 3259 770 3321 quae
793 3239 864 3304 inde
885 3239 1070 3304 derivantem

480 3370 513 3435 lt.
534 3393 560 3451 μ
586 3365 647 3435 198
668 3360 775 3450 τεῖχός
795 3390 833 3435 aa
853 3362 969 3457 ῥήξειν,
991 3391 1015 3450 μ
1037 3364 1101 3433 308
1122 3363 1177 3433 dcci
1192 3390 1227 3434 aa
1249 3362 1417 3458 ῥήξασθαι

482 3505 501 3550 o
523 3482 586 3547 611Ι
612 3473 731 3546 δύνατο
752 3478 870 3569 ῥῆξαι,
892 3504 912 3546 v
935 3480 977 3546 55
999 3475 1092 3562 o'qt‘do
1114 3476 1281 3569 ῥήγνυντο,
1310 3504 1330 3562 χ
1352 3477 1417 3546 673

481 3588 564 3682 χρόα
584 3615 621 3659 oa
643 3587 750 3682 ῥήξω,
771 3594 805 3659 ΙΙ.
826 3615 847 3676 y
867 3593 949 3673 318,
969 3615 990 3677 η
1011 3591 1095 3674 259,
1115 3616 1141 3676 μ
1162 3592 1243 3674 291,
1263 3615 1281 3657 a
1305 3595 1376 3675 121,
1396 3614 1415 3658 o

480 3707 555 3784 too,
577 3706 633 3771 ot.
652 3729 676 3786 μ
697 3703 761 3771 toa
783 3699 884 3795 ἔῤῥηξ
916 3747 927 3771 .

483 3810 674 3907 αἲποῤῥήξας
696 3819 727 3883 ll.
751 3816 771 3897 ξ
792 3815 867 3898 506,
888 3838 908 3882 o
929 3818 1005 3896 261,
1028 3818 1084 3883 06.
1107 3840 1119 3882 ι
1142 3817 1213 3883 181.
1233 3875 1235 3882 .

481 3920 579 4019 ἆναρῤ
591 3923 661 4010 ’ξας
682 3931 715 3995 tt.
735 3953 756 4015 η
778 3923 855 4009 461,
878 3949 899 3996 o
921 3926 996 4008 582,
1018 3951 1032 3995 ι
1054 3924 1107 4006 63,
1129 3930 1228 3996 063
1251 3925 1325 3995 275.
1373 3980 1377 3988 .

481 4038 688 4130 συαέῤῥηκται
710 4043 767 4108 06.
788 4044 817 4106 d
842 4038 913 4108 137.

480 4148 635 4243 ἅρῤηκαος
656 4155 688 4220 ll.
709 4157 733 4237 β
754 4148 830 4235 490,
850 4177 868 4219 a
889 4151 944 4232 37,
966 4152 986 4234 ξ
1008 4148 1068 4232 68,
1090 4175 1110 4219 o
1132 4149 1186 4233 20,
1208 4155 1266 4220 06.
1287 4156 1315 4219 0
1337 4148 1412 4222 275.
