3175 4817
805 339 847 406 36

362 513 444 577 llanc
465 511 594 578 radicem
617 512 690 575 duas
714 513 743 574 in
765 510 864 576 frome
887 528 1036 575 consonas
1052 512 1120 575 olim
1133 513 1273 578 badense
1289 522 1392 577 osten-

258 622 303 688 dit
325 622 420 688 forma
441 624 569 706 perfecti
590 619 761 707 eipnpeet,
790 625 876 688 onies
904 623 1105 708 diphthongus
1133 644 1193 689 non
1214 634 1311 708 potest
1332 642 1393 688 non

260 742 325 799 orla
354 754 426 800 esse
452 754 491 799 ea
520 753 708 819 oaopopsm.
750 735 824 800 Nam
852 756 873 801 σ
894 739 924 800 in
955 735 1053 800 ironic
1074 737 1152 801 illius
1168 737 1285 801 ‘lormae
1308 738 1393 818 posi-

258 852 320 912 mm
344 848 378 910 ‘in
415 847 548 928 spiritum
575 863 720 927 ’asparem
750 855 890 911 motatum
916 855 964 910 est
999 856 1030 910 et
1059 866 1097 911 εσ
1122 850 1153 910 in
1182 870 1213 914 ac
1240 828 1310 913 abiit
1340 849 1393 922 (ci.

259 949 399 1044 φάισιος
417 990 463 1004 -
481 948 623 1045 φάοινος,
644 947 723 1037 ἔσμι
744 989 787 1004 -
808 948 897 1039 εἶμι).
941 957 1026 1032 Οοοο
1048 977 1108 1023 vox
1128 961 1188 1026 Set.
1201 961 1281 1023 vlruic
1300 960 1394 1049 radici

258 1071 455 1151 respondeat,
485 1088 546 1133 non
565 1070 639 1134 satis
654 1078 787 1134 constat
809 1070 927 1133 Ebelies
949 1065 1094 1149 (3titldtt.
1117 1073 1153 1135 V.
1176 1067 1253 1141 417)
1277 1073 1395 1136 confert

258 1181 387 1247 redicem
408 1184 467 1248 eet
488 1179 612 1259 „smar“
634 1176 841 1261 (meminisse),
863 1182 943 1263 qood
967 1183 1035 1245 milri
1059 1201 1117 1245 non
1140 1184 1291 1266 probator.
1343 1240 1347 1248 .

346 1342 377 1410 t.
398 1336 525 1426 μάστιξ.

412 1465 443 1528 ΙΙ.
465 1486 483 1528 ε
506 1459 567 1531 745
590 1450 672 1549 Ἥρη
694 1458 731 1527 δὲ
751 1454 896 1548 μάστιγι,
927 1485 944 1528 a
968 1459 1031 1529 840
1052 1455 1169 1544 λάζετο
1191 1462 1227 1530 δέ
1247 1458 1397 1549 μάστιγα,

466 1598 484 1640 τ
506 1570 568 1638 395
591 1564 665 1639 ddi
684 1566 833 1661 μάστιγα,
854 1584 885 1662 ψ
907 1573 980 1648 520,
1003 1573 1066 1641 642
1089 1567 1152 1663 άρα
1171 1569 1319 1660 μάστιγα.

362 1687 512 1770 Benfepus
541 1687 575 1751 ll.
608 1680 668 1751 190
697 1689 862 1751 rectissime
896 1687 985 1753 docet
1006 1681 1159 1771 ,μάστιξί
1182 1690 1395 1753 substantivum

259 1815 299 1863 ex
331 1790 448 1880 ,,ὶμάς“
475 1796 584 1880 (ionis)
614 1798 808 1880 repetendum
840 1818 929 1877 esse,
960 1808 992 1864 ot
1021 1797 1072 1878 τιξ
1101 1819 1157 1884 pro
1191 1801 1398 1864 terminatione

258 1909 402 1974 habeatur
425 1910 480 1984 (ci.
501 1898 639 1990 πάστιξ)
668 1920 699 1975 et
721 1930 761 1974 ex
788 1909 884 1973 lorma
913 1912 1088 1994 primigenia
1110 1904 1280 1994 ,,ἱμάστιξ“
1300 1933 1316 1975 ι
1337 1912 1396 1975 ini·

258 2021 328 2087 tialc
350 2023 459 2086 sensim
488 2024 651 2088 evannerit,
693 2023 827 2086 Eandem
859 2025 1006 2107 originem
1028 2026 1139 2105 accipit,
1156 2023 1326 2087 Lobeckins
1348 2019 1397 2088 El.

259 2129 302 2198 76
339 2143 370 2198 el
401 2133 518 2198 Curtius
548 2136 644 2217 Etym.
672 2153 702 2196 n.
733 2129 805 2195 602.
849 2135 908 2200 Sed
937 2136 1099 2216 primitivae
1134 2136 1246 2198 vocalis
1279 2134 1397 2198 initialis

260 2246 431 2330 aphaeresis
464 2248 504 2309 ita
537 2246 614 2309 lacta
647 2264 715 2309 esse
747 2246 879 2325 videtur,
913 2254 945 2310 nt
975 2248 984 2309 i
1015 2248 1126 2311 vocalis
1156 2247 1185 2309 in
1207 2247 1394 2331 cognatamj

259 2359 466 2424 semivocalem
497 2366 658 2421 mutaretur
692 2367 721 2422 el
754 2361 866 2422 sensim
900 2377 965 2422 cum
992 2378 1017 2437 μ
1048 2357 1154 2440 liquida
1186 2359 1215 2421 in
1246 2358 1394 2422 rudiorem

259 2469 404 2552 quendem
427 2487 531 2532 sonum
554 2470 746 2533 coalesceret.
788 2470 845 2545 Qut
860 2489 952 2534 sonus
965 2470 1083 2532 Homeri
1106 2480 1242 2551 tempore
1264 2471 1301 2534 ad
1324 2471 1396 2534 bre·

258 2579 324 2646 rem
347 2580 487 2664 syllabam
511 2580 726 2662 producendam
749 2581 908 2645 sollecisse
930 2581 1053 2643 videtur.

344 2718 375 2783 5.
396 2711 515 2800 μόόος.
618 2750 620 2754 <

413 2838 443 2902 ll.
466 2859 486 2903 σ
512 2832 583 2918 159,
605 2834 680 2915 537,
702 2859 728 2925 φ
750 2833 814 2902 310
838 2828 917 2904 κατά
938 2827 1052 2920 μόθον.

363 2950 427 3014 Ηοο
449 2950 662 3014 substamiaom
684 2968 780 3031 aeque
809 2967 844 3012 aa
872 2941 1016 3029 μόχθος,
1050 2949 1130 3031 qnod
1160 2951 1189 3012 in
1220 2952 1397 3032 posterioris

256 3062 378 3146 linguae
404 3079 463 3124 nso
492 3070 571 3140 erat,
600 3081 617 3125 a
644 3060 745 3125 radice
765 3061 871 3125 ΜΟΓ
899 3062 1044 3145 originem
1068 3062 1180 3125 ducere
1202 3061 1275 3124 nilril
1297 3063 1395 3127 obstet

258 3174 328 3257 quin
351 3174 517 3254 accipiatm.
560 3173 633 3237 Nam
662 3172 738 3236 haec
764 3171 855 3236 ratlix
882 3189 981 3253 saepe
1003 3174 1033 3235 in
1055 3174 1228 3254 compositis
1249 3181 1393 3256 gadora-

255 3285 312 3352 lem
339 3283 494 3348 radicalem
524 3283 636 3346 amittit.
664 3282 719 3354 (cl.
747 3272 843 3365 μόγις
868 3314 903 3328 ··
927 3275 1039 3365 μόλις,
1068 3275 1170 3367 μόγος
1198 3315 1240 3330 -
1267 3276 1391 3368 μόλος).

255 3397 366 3462 Verum
388 3397 472 3460 vocis
494 3395 622 3459 irontem
645 3413 662 3460 ο
683 3394 759 3458 binis
781 3396 922 3459 consonis
944 3395 1012 3459 olim
1035 3398 1182 3477 incepisse
1201 3399 1391 3481 mgnosoitas

255 3528 297 3575 ex
318 3509 462 3573 adieetivo
484 3506 640 3570 Homerico
662 3495 936 3592 ,,ἐττὶ-ομογορός“
959 3505 1017 3570 06.
1039 3529 1058 3590 γ
1081 3500 1154 3571 194.

341 3647 371 3710 6.
394 3638 534 3733 μορόεις.

403 3765 437 3828 ll.
460 3765 479 3846 ξ
502 3760 573 3843 183,
595 3763 653 3830 Od.
674 3782 694 3827 ο
717 3757 780 3826 298
802 3761 952 3850 τρίγληνα
973 3758 1140 3851 μορόεντα.

357 3878 403 3941 De
444 3880 564 3941 notione
598 3875 686 3940 huius
719 3875 858 3939 adieclivi
888 3875 958 3939 nihil
991 3879 1067 3940 certi
1103 3883 1226 3940 constat.
1271 3876 1389 3942 Curtios

255 3986 367 4071 (Etym.
388 3988 468 4064 ten)
497 3989 524 4050 ei
546 3986 663 4051 conlert
684 4005 787 4050 vocem
821 3986 882 4051 Set.
911 3985 1083 4065 ,‚smara-s“
1106 3993 1231 4070 (amor),
1258 3995 1291 4053 ut
1311 4006 1387 4071 pro·

251 4099 346 4183 priam
370 4100 426 4163 vim
447 4096 632 4178 ‚,renustus“
651 4098 776 4181 habeam
806 4118 846 4163 ex
867 4117 927 4182 quo
950 4100 1122 4184 intelligitur
1152 4100 1230 4166 deas
1262 4099 1329 4163 olim
1358 4099 1388 4162 in

252 4210 354 4278 fronte
375 4229 525 4278 consonas
548 4210 652 4277 luisse.
