3175 4817
805 296 846 365 tt

258 468 464 553 primigeniam
487 466 595 531 radicis
622 465 747 531 termam
775 467 848 533 duas
878 470 908 532 in
935 467 1034 533 tronto
1062 484 1209 533 cormonas
1236 466 1388 541 halumse,

258 581 366 663 quibus
388 581 510 655 eiectis,
535 597 573 642 ne
594 578 725 662 syllabae
746 581 892 660 quantitas
915 588 1089 660 mutaretur,
1112 578 1311 664 diphthongus
1330 575 1388 640 ad·

259 691 348 755 hibita
369 692 417 757 sit.
461 691 613 776 Digamma
642 692 671 754 io
700 690 800 756 tronto
828 692 921 757 latere
950 692 1080 757 ostendit
1106 693 1201 757 forma
1222 685 1390 758 eloam

263 801 477 867 Choerobosoo
500 806 567 875 (ox.
589 801 625 869 ll.
648 798 723 880 210,
746 800 803 879 27)
825 803 923 869 alluta.

411 919 480 996 ‘AA
500 920 650 1009 (ἆνδάνω,
671 927 787 1005 iod-o)
810 963 853 976 —
876 933 937 999 Set.
958 932 1032 997 svad
1055 964 1094 978 -
1116 933 1180 997 Lut.
1202 931 1346 996 suad-ao.

365 1058 529 1141 Vestigium
556 1058 679 1140 duplicis
709 1061 898 1124 consonantis
925 1063 1030 1126 mansit
1057 1063 1089 1127 in
1118 1062 1214 1126 formu
1235 1057 1391 1124 Homerica

262 1161 361 1237 εὔαδε
383 1166 462 1247 (tte
484 1167 574 1243 340).
597 1171 670 1234 Nam
693 1190 782 1253 quum
805 1171 844 1234 ob
867 1173 1011 1236 minimam
1033 1173 1218 1257 digammatis
1238 1173 1268 1235 in
1289 1171 1392 1254 lingua

262 1284 321 1345 vim
351 1281 434 1345 credi
465 1290 591 1362 nequeat
612 1281 689 1345 illum
712 1282 836 1346 lormam
859 1303 898 1348 ex
920 1278 1054 1349 effode
1075 1293 1170 1349 natam
1193 1303 1280 1357 esse,
1311 1280 1391 1364 quod

264 1394 454 1458 Buttmannus
485 1392 590 1473 docet,
626 1394 811 1476 probandum
840 1396 958 1462 videtur
988 1398 1102 1479 potius,
1144 1404 1175 1459 ut
1210 1394 1392 1459 Hesiodeum

265 1505 337 1570 illud
356 1495 512 1584 καυάξαις
533 1505 611 1587 ooo.
632 1505 708 1581 666,
730 1501 793 1572 693
818 1508 1026 1573 assimilatione
1047 1528 1087 1573 er
1108 1499 1293 1587 κατΕάξαις
1316 1523 1392 1587 pro·

266 1616 328 1695 tiit,
350 1618 390 1679 itu
412 1603 509 1681 εὔαδε
530 1634 569 1679 ex
590 1610 717 1681 aioFode
739 1626 837 1682 natum
860 1638 939 1685 asse.

367 1763 442 1826 'lum
464 1770 533 1827 ante
556 1781 701 1827 consonas
725 1764 820 1848 sigma
841 1765 951 1828 initiale
973 1783 1067 1847 saepe
1090 1764 1233 1827 abiectum
1256 1771 1311 1827 ost.
1334 1762 1394 1826 Cu-

265 1875 312 1936 ius
334 1874 379 1936 rei
401 1874 517 1957 insigne
538 1877 661 1956 praebet
682 1875 850 1956 exemplum
873 1875 967 1941 forma
990 1876 1073 1939 verbi
1096 1871 1261 1959 σκίδνημι,
1283 1873 1394 1956 quippe

266 1984 348 2066 quod
370 1986 400 2048 in
422 1986 597 2050 carminibus
618 1987 780 2050 Homericis
802 1987 929 2069 sigmate
945 1995 995 2050 aut
1005 1995 1114 2066 utatur,
1137 1994 1187 2050 aut
1208 1992 1317 2049 eareat.
1340 1986 1396 2048 tlt-

266 2115 325 2177 que
346 2105 414 2161 ante
435 2119 461 2177 μ
481 2096 622 2179 liquidam
644 2098 693 2162 vel
716 2100 884 2179 posteriore
904 2106 1007 2163 aetate
1028 2100 1058 2162 in
1080 2098 1177 2162 multis
1194 2097 1316 2161 vocibus
1328 2096 1395 2178 sig-

267 2226 312 2269 ma
333 2207 443 2271 initiale
466 2217 515 2273 aut
537 2209 622 2273 abiici
643 2219 695 2275 aut
715 2211 834 2274 retineri
856 2213 959 2293 potuit,
980 2215 1012 2275 nt
1033 2200 1292 2291 ῐοεαιαεσμύξος,
1313 2197 1396 2288 opsi-

267 2340 370 2401 ραινα,
392 2315 549 2404 devulgo,
571 2323 693 2402 σμοῖος,
714 2318 846 2402 amtor,
868 2315 960 2402 σμάω
983 2342 1050 2387 curn
1072 2322 1175 2387 formis
1196 2311 1309 2400 μύξος,
1329 2312 1396 2399 μα’·-

266 2452 370 2513 ραινα,
391 2428 525 2515 μυρίζω,
545 2434 654 2514 prolog,
674 2430 790 2515 μῖλαξ,
812 2425 884 2514 μάω
906 2434 1093 2498 alternarent.
1138 2434 1212 2497 Tum
1234 2440 1302 2495 ante
1323 2452 1339 2495 u
1357 2430 1399 2493 li-

268 2542 386 2623 quidam
409 2563 503 2626 saepe
524 2546 620 2630 sigma
641 2548 769 2628 positum
790 2545 906 2623 luisse,
928 2564 1018 2627 quum
1039 2544 1115 2609 haee
1136 2544 1298 2608 litterarum
1320 2559 1397 2605 oon·

268 2656 378 2719 iunctio
400 2674 416 2718 a
439 2657 584 2719 communi
608 2658 783 2740 posterioris
806 2658 911 2721 aetatis
933 2674 989 2720 usu
1011 2664 1091 2720 esset
1111 2663 1240 2733 remota,
1269 2672 1329 2716 non
1351 2660 1398 2718 est

268 2785 321 2830 our
342 2768 479 2849 accipere
501 2767 679 2848 dubitemus,
701 2771 840 2850 quoniam
862 2770 892 2833 in
913 2767 977 2831 aliis
999 2768 1130 2832 eiusdem
1152 2766 1275 2851 originis
1287 2765 1397 2848 linguis

268 2878 371 2942 ambae
393 2896 546 2943 oonsonao
567 2881 597 2941 in
619 2881 700 2943 initio
723 2882 840 2963 positae
863 2880 1061 2960 inveniuntur.
1090 2879 1246 2943 Notissima
1270 2884 1317 2939 est
1338 2875 1397 2940 ab·

269 2991 357 3053 ieotio
378 2992 510 3072 sigmatis
531 2992 561 3053 in
582 2991 680 3056 fronte
701 2991 839 3056 adieetivi
851 2982 986 3076 σμικρός
1007 2992 1106 3073 positi,
1128 2998 1218 3074 atque
1240 2990 1320 3052 haud
1334 2989 1398 3053 seio

269 3119 306 3163 an
334 3102 425 3165 oritioi
453 3100 644 3181 Alexandrini
675 3103 707 3167 ll.
733 3126 753 3187 ρ
780 3101 844 3166 757
872 3099 989 3188 κίρκον,
1018 3089 1072 3166 ὅτε
1098 3101 1232 3187 proprior
1261 3103 1400 3186 scripturi

269 3212 408 3291 luissent,
437 3213 492 3276 nisi
522 3213 616 3279 forma
640 3202 772 3300 σμικρός
799 3222 856 3278 tum
879 3215 930 3279 diu
951 3216 981 3278 in
1004 3213 1130 3278 dialecto
1153 3215 1247 3278 Attica
1272 3233 1400 3279 conser-

270 3334 336 3388 vata
358 3333 449 3389 esset.
480 3324 534 3388 Cui
556 3343 576 3390 σ
598 3327 710 3390 litterae
732 3308 888 3391 abiectioni
909 3327 1041 3390 Latinam
1064 3342 1184 3407 quoque
1207 3327 1333 3409 linguam
1355 3326 1398 3390 ia·

268 3437 351 3501 visse
373 3455 413 3501 ex
433 3437 535 3500 formis
557 3438 769 3516 „oosmittere,
791 3438 930 3503 smiruri‘·
951 3457 968 3503 u
990 3438 1080 3502 Festo
1102 3438 1229 3503 servatis
1249 3436 1348 3502 elooet
1360 3434 1399 3513 ¹).

349 3760 376 3828 1)
395 3760 499 3815 Postero
511 3776 613 3831 quoquo
626 3770 739 3830 temporo
751 3762 831 3831 sigma
840 3760 935 3814 initials
949 3760 975 3812 in
988 3741 1083 3830 vulgari
1096 3775 1211 3813 sermono
1221 3758 1308 3812 latino
1321 3776 1400 3830 saepo
1485 3832 1488 3840 ἱ

270 3856 395 3912 abiectum
413 3871 470 3909 ersa
487 3857 594 3923 uidetur,
613 3872 689 3927 quum
699 3856 814 3909 Horatius
823 3856 849 3908 in
866 3856 947 3909 urinis
966 3853 1055 3907 multas
1073 3870 1152 3908 voees
1170 3869 1185 3905 a
1197 3869 1226 3908 so
1243 3863 1270 3906 et
1293 3863 1316 3907 st
1332 3856 1400 3908 inei·

269 3951 368 4019 piamon
382 3951 409 4003 in
430 3965 506 4004 versu
527 3952 562 4003 ita
584 3950 712 4016 adhibent,
735 3966 766 4004 ao
789 3951 811 4002 si
834 3965 920 4003 eamm
941 3949 1011 4002 mons
1032 3964 1080 4002 una
1103 3957 1198 4002 matum
1222 3964 1333 4002 oomoua
1358 3949 1400 4001 in·
1441 4011 1445 4020 Ι

270 4052 361 4098 emota
377 4053 453 4111 esset,
470 4044 504 4101 ei.
520 4044 618 4099 tornioe
641 4052 747 4101 suntmn
764 4042 785 4098 Ι.
802 4045 834 4109 2,
851 4044 895 4110 30,
911 4044 1068 4114 ventumque
1084 4042 1147 4098 stola
1173 4041 1193 4099 l.
1211 4045 1243 4110 2,
1259 4044 1303 4109 30,
1320 4056 1398 4112 nepa
1509 4053 1527 4080 ⁸

269 4140 352 4194 stilom
368 4138 388 4196 l.
406 4141 449 4208 10,
466 4140 510 4206 72,
527 4140 588 4210 quir
603 4139 699 4194 scilieet
715 4137 748 4194 tr.
765 4140 792 4203 2,
809 4139 852 4195 36.
