3175 4817
750 1436 820 1511 'Epor'
838 1440 1011 1510 συμβάλλομαι
1032 1444 1098 1490 τοῖοι
1116 1437 1235 1505 ἐμφανέσι
1251 1435 1282 1489 τοὶ
1297 1460 1334 1506 μη

714 1532 902 1604 γιγνωσκόμενα
919 1531 1117 1604 τεκμαιρόμενος.

1027 1628 1121 1682 Herod.
1138 1627 1171 1695 ll,
1188 1630 1231 1685 33.

672 1790 675 1797 '
725 1792 756 1862 S.
781 1789 812 1852 1.

305 1925 386 2033 Quo
408 1968 448 2014 ex
475 1958 610 2033 tempore
639 1952 781 2032 prosodia
810 1950 846 2013 ad
874 1959 967 2015 artem
997 1958 1140 2032 certaque
1172 1957 1332 2032 praecepta

201 2060 299 2144 redigi
321 2071 427 2143 coepta
450 2071 507 2140 est,
528 2063 559 2125 in
581 2063 759 2126 hexametris
778 2064 872 2144 epicis
885 2062 1091 2144 eaesyllahae,
1115 2080 1202 2143 quae,
1225 2079 1332 2142 quam-

199 2189 287 2254 quam
310 2173 420 2238 breves
443 2182 528 2254 sunt,
555 2174 653 2238 multis
675 2174 749 2237 locis
770 2174 890 2258 longam
913 2192 1081 2238 mensuram
1104 2172 1242 2255 explent,
1263 2193 1331 2238 ma-

197 2284 292 2347 ximas
314 2302 435 2367 semper
457 2286 530 2349 viris
553 2286 650 2350 doctis
664 2287 868 2368 praebuerunt
881 2286 1075 2350 difficultates.
1098 2286 1330 2367 htquevateres

197 2396 255 2461 iam
277 2397 308 2459 in
330 2398 376 2462 his
399 2398 521 2481 syllabis
543 2398 706 2463 offendisse
735 2398 897 2463 ostendunt
924 2417 1027 2463 eorum
1049 2399 1105 2462 hac
1136 2398 1174 2463 de
1196 2416 1231 2461 re
1254 2397 1330 2461 sub-

196 2508 264 2573 tiles
287 2510 489 2590 quaestiones.
533 2510 606 2574 Nam
629 2518 662 2574 ut
684 2529 869 2574 communem
896 2511 1060 2574 hexametri
1090 2518 1120 2573 et
1149 2509 1329 2591 syllabarum

195 2637 382 2702 mensuram,
403 2622 435 2686 in
457 2640 543 2705 quam
566 2623 741 2704 saepissima
763 2641 780 2685 a
803 2630 893 2705 poeta
914 2630 1068 2705 peceatum
1090 2641 1161 2686 esse
1180 2621 1330 2698 videbam,

197 2738 248 2795 out
270 2731 441 2798 adiuvarent
463 2741 513 2797 aut
535 2743 727 2814 excusarent,
749 2753 855 2799 versus
867 2735 942 2799 alios
952 2730 1224 2820 προκεφαλαίους,
1245 2752 1330 2817 rspo-

196 2842 356 2922 xotdlooo,
382 2837 607 2930 δολιχούρους,
634 2846 708 2912 alios
730 2837 930 2932 ἀκεφάλους,
956 2837 1128 2932 λαγᾶρους,
1157 2838 1330 2930 μειούρους

195 2957 351 3037 (fixerunt,
380 2957 462 3041 quod
490 2977 530 3023 ex
550 2959 705 3024 Athenaeo
736 2959 788 3032 (cl.
813 2961 970 3024 Hermann.
991 2958 1029 3022 de
1050 2967 1137 3023 metr.
1159 2977 1187 3041 p.
1212 2956 1268 3032 68)
1291 2976 1330 3021 ex

193 3069 346 3135 Eustathio
369 3070 490 3153 (peoo
511 3071 563 3135 to
585 3072 697 3153 sepo),
718 3079 748 3135 et
760 3072 897 3135 Dracone
918 3074 967 3154 (p.
982 3074 1000 3134 7
1013 3070 1033 3134 l.
1046 3064 1081 3147 8)
1104 3071 1248 3154 cognosci
1270 3089 1328 3151 po-

194 3188 266 3246 test.
286 3182 393 3265 Neque
414 3184 613 3247 recentiorum
637 3186 808 3265 quicunque
829 3183 898 3247 inde
920 3184 1063 3247 arenatis
1077 3182 1180 3247 litteris
1198 3184 1227 3245 in
1239 3201 1329 3265 prae·

197 3292 367 3357 clarissimis
396 3292 453 3357 illis
484 3294 663 3376 antiquitatis
692 3292 827 3377 reliquiis
861 3303 911 3359 aut
945 3294 1038 3358 critici
1069 3302 1121 3359 aut
1148 3295 1328 3375 interpretes

197 3421 319 3487 operam
341 3405 580 3486 collocaverunt,
608 3406 676 3470 iure
706 3408 835 3471 incusari
865 3414 1005 3487 possunt,
1034 3405 1114 3488 quod
1140 3404 1269 3469 studium
1290 3405 1329 3469 ad

195 3515 377 3601 indagandas
399 3518 542 3602 migratos
563 3519 721 3599 prosodiae
736 3537 844 3583 causas
867 3537 928 3583 non
949 3518 1128 3581 contulerint
1135 3540 1147 3598 3
1170 3516 1224 3581 sed
1238 3535 1327 3599 quum
1462 3593 1466 3600 ⁴

195 3627 303 3692 inillis
325 3627 445 3710 syllabis
468 3630 665 3711 producendis
679 3632 829 3696 llomerus
850 3630 888 3695 ab
910 3648 968 3695 usu
989 3637 1159 3693 ceterorum
1173 3638 1329 3713 poetarum

195 3738 338 3804 recedere
361 3739 525 3824 videretur,
546 3760 600 3806 eas
621 3744 652 3806 iu
674 3743 883 3826 exceptionem
905 3742 1014 3806 cadere
1035 3742 1179 3824 iuxtaque
1201 3749 1333 3805 tractan-

196 3847 252 3913 das
276 3867 349 3915 esse
371 3852 546 3918 censebant.
569 3854 681 3920 Primus
702 3863 801 3921 autem
823 3855 1008 3918 Hermaonus
1031 3853 1070 3918 de
1091 3854 1148 3918 hac
1169 3853 1330 3935 prosodhe

196 3968 280 4044 parte
306 3980 444 4029 seorsum
473 3965 549 4049 egit,
590 3964 708 4031 Etenim
737 3984 828 4049 quum
859 3965 897 4029 ad
919 3965 1084 4030 Ruhnkenii
1103 3965 1142 4030 de
1167 3966 1329 4050 Argonau-

196 4073 262 4140 tiais
289 4078 466 4140 senteutiam
496 4077 684 4144 reiiciendam
713 4080 866 4163 copiosius
894 4088 924 4144 et
954 4078 1137 4145 enucleatius
1157 4077 1195 4141 de
1217 4076 1330 4159 Orphei

196 4188 331 4253 numeris
355 4186 509 4256 oissorera
538 4189 683 4271 deberet,
710 4209 815 4258 omnes
844 4193 972 4257 omnium
1000 4198 1157 4274 poetarum
1185 4189 1236 4273 qui
1262 4196 1332 4272 post

1129 4295 1144 4355 1
