3175 4817
808 355 839 399 Vt

260 510 368 605 Atque
394 508 479 582 hunc
513 508 656 582 libellum
692 513 756 582 iam
791 508 888 606 plane
922 508 1128 583 confeceram
1154 518 1187 580 et
1212 512 1297 608 tppis
1322 532 1388 581 ex-

257 652 429 726 pressurus
464 653 576 721 eram,
610 653 705 727 quum
733 629 971 705 Winiewskius
996 629 1194 704 Academiae
1219 629 1389 705 Honasto-

256 754 372 825 riensis
399 752 567 848 professor
603 756 843 844 meritissimus,
879 775 931 824 me
958 754 1132 824 certiorem
1158 750 1234 823 fecit
1260 761 1389 825 exstare

258 876 430 967 egregium
480 873 664 946 Hoffmanni
709 874 824 946 librum
869 875 1094 963 Quaestionum
1140 872 1388 945 Homericarum

258 994 324 1082 Quo
367 993 451 1067 libro
493 999 625 1088 cognito
669 995 764 1069 video
806 995 902 1068 multa
943 994 1169 1068 Hoffmannum
1210 997 1273 1067 iam
1317 1004 1389 1065 ante

257 1115 426 1190 nonnuHos
452 1138 554 1190 annos
581 1115 746 1206 docuisse,
779 1140 862 1214 quae
897 1118 1032 1213 primum
1058 1138 1111 1186 me
1136 1118 1299 1189 invenisse
1325 1137 1389 1210 pu-

257 1240 332 1308 tavi.
372 1236 478 1309 Multis
506 1246 612 1309 tamen
638 1241 670 1310 in
696 1237 793 1312 rebus
821 1262 841 1310 a
868 1240 938 1311 viro
971 1236 1066 1308 docto
1092 1259 1145 1308 me
1172 1237 1292 1310 distare
1318 1235 1387 1309 lec·

257 1367 345 1431 tores
371 1356 470 1430 facile
495 1359 684 1454 intelligent
711 1359 762 1432 Ab
788 1359 981 1431 Hoffmanno
1008 1360 1093 1429 enim
1118 1367 1285 1453 peccatum
1313 1380 1388 1431 esse

257 1478 382 1554 videtur
408 1477 531 1552 duabus
559 1503 602 1552 en
628 1484 743 1554 causis.
769 1480 823 1552 Ac
849 1484 950 1578 prima
977 1479 1103 1574 quidem
1130 1479 1185 1551 ilia
1213 1487 1272 1567 est,
1292 1476 1389 1575 quod,

259 1623 353 1696 quum
380 1599 421 1672 ab
448 1601 609 1692 Homero,
644 1604 696 1697 qui
723 1601 793 1675 finis
821 1605 1015 1698 quaestionis
1043 1598 1139 1672 debet
1164 1624 1258 1691 esse,
1283 1622 1390 1671 exor-

259 1720 344 1793 dium
371 1724 490 1818 eapiat,
517 1724 549 1793 in
575 1721 688 1795 orbem
715 1727 806 1819 quasi
833 1727 938 1814 agitur
965 1732 996 1792 et
1022 1731 1195 1818 praecepta
1213 1721 1265 1793 dat
1285 1723 1390 1813 magis

258 1846 463 1937 excogitata,
489 1867 583 1938 quam
610 1844 723 1918 solidis
749 1847 947 1937 argumentis
973 1842 1198 1916 demonstrata.
1238 1842 1320 1915 Nam
1347 1865 1391 1914 ex

257 1963 517 2061 productionibus
550 1968 628 2062 ipsis
663 1965 756 2038 efficit
790 1986 890 2039 voces
922 1964 993 2036 illas
1024 1964 1166 2063 syllabas
1192 1967 1391 2061 excipientes

257 2086 390 2158 Homeri
417 2096 562 2182 tempore
590 2086 711 2159 duabus
738 2091 770 2158 in
797 2086 903 2158 fronte
921 2090 1072 2161 consonis
1089 2090 1260 2160 instructas
1277 2085 1391 2176 fnisse,

258 2230 352 2304 quum
388 2230 459 2278 mea
494 2207 622 2303 quidem
654 2212 812 2282 sententia
845 2211 981 2304 primum
1017 2208 1089 2280 illas
1115 2231 1217 2282 voces
1244 2231 1283 2279 re
1308 2229 1389 2279 vera

257 2329 390 2424 antiquis
416 2327 615 2423 temporibus
642 2352 662 2401 a
687 2327 770 2402 binis
798 2332 948 2402 consonis
974 2331 1133 2427 incepisse
1160 2328 1389 2402 demonstran-

257 2449 330 2522 dum
357 2458 480 2522 ettam
515 2449 642 2522 demum
679 2473 722 2522 ex
756 2449 1015 2547 productionibus
1050 2450 1196 2525 adhibitis
1229 2465 1391 2524 consonas

256 2569 392 2646 initiales
408 2571 541 2643 Homeri
567 2582 674 2645 aetate
700 2575 846 2670 viguisse
873 2571 1126 2644 concludendum
1154 2582 1252 2646 esset
1277 2571 1391 2644 Altera

258 2715 355 2766 causa
382 2702 444 2784 est,
472 2693 568 2789 quod,
594 2717 687 2790 quum
716 2698 768 2766 via
796 2717 836 2765 ac
861 2697 986 2766 ratione
1002 2692 1184 2789 procedere
1204 2692 1264 2767 sihi
1290 2693 1390 2765 vide-

257 2824 318 2905 tur,
344 2817 376 2885 in
403 2817 612 2908 grammatica
639 2819 856 2912 comparativa
885 2836 947 2886 non
974 2817 1051 2897 satis
1074 2817 1324 2912 circumspectus
1351 2811 1391 2884 ad

256 2939 446 3011 sententiam
475 2935 604 3009 alterius
631 2958 845 3009 consonarum
872 2939 1011 3008 amissae
1030 2934 1280 3008 confirmandam
1307 2957 1390 3008 sae-

256 3059 390 3153 pissime
416 3079 458 3127 ex
493 3060 640 3150 cognatis
665 3056 783 3150 linguis
816 3057 941 3130 formas
973 3066 1006 3128 et
1040 3079 1142 3132 voces
1175 3059 1273 3152 petit,
1307 3077 1392 3150 quae

257 3201 328 3251 oum
356 3177 492 3252 Graecis
518 3182 698 3275 comparari
725 3182 854 3251 omnino
881 3188 1052 3276 nequeunt.
1093 3176 1268 3276 Comparat
1294 3180 1392 3269 enim,

258 3309 290 3371 ιιι
316 3297 466 3396 exemplo
493 3309 581 3386 utar,
613 3312 766 3397 λίσσομαι
787 3323 874 3372 lcum
907 3299 1007 3373 verbo
1034 3300 1208 3374 'thiudisco
1234 3298 1393 3394 ,petunt

258 3414 380 3519 (§.86,
407 3413 487 3519 2a),
512 3428 605 3519 λιγύς
626 3445 697 3493 oum
718 3422 830 3495 Thiud.
856 3420 1016 3515 „itique
1043 3415 1091 3521 (ξ.
1105 3420 1155 3494 86
1185 3418 1266 3519 th),
1296 3432 1392 3522 μελίη

258 3564 331 3615 oum
359 3541 477 3616 Thiud.
504 3539 708 3636 „temetque”
745 3537 831 3639 (88,
861 3534 942 3638 la),
975 3548 1084 3637 μάθος
1116 3565 1189 3615 cum
1216 3540 1391 3615 Gothorum

258 3662 419 3737 smeithan
447 3659 641 3763 (tripedaneo)
669 3659 746 3762 (88,
775 3660 852 3761 td).

359 3836 517 3933 Equidem
545 3859 584 3909 ea
610 3843 663 3909 ¹via
690 3835 961 3933 progrediendum
989 3859 1065 3912 esse
1097 3838 1226 3933 putavi,
1261 3846 1294 3909 ιιι
1319 3838 1391 3934 pri-

258 3980 343 4030 mum
380 3962 413 4030 in
448 3980 512 4030 uno
552 3967 726 4054 conspectu
760 3951 915 4053 ponerem
958 3961 1082 4054 copiam
1117 3979 1228 4030 aarum
1264 3979 1391 4047 vocum,

259 4102 390 4176 quarum
409 4078 549 4152 frontem
575 4079 715 4151 litteram
735 4087 789 4150 aut
816 4077 952 4150 alteram
978 4088 1031 4150 aut
1057 4087 1222 4174 utramque
1245 4080 1391 4153 amisisse

259 4223 305 4273 ex
330 4200 541 4278 dialectorum
567 4224 626 4276 usu
659 4202 938 4298 grammaticaque
972 4203 1190 4300 comparativa
1216 4199 1299 4274 effici
1324 4223 1390 4302 po-
