3175 4817
801 328 844 396 30

251 543 255 558 ⁴
340 520 372 600 8.
394 511 485 585 eadm.
526 517 582 583 Od.
604 540 619 583 ι
640 518 705 582 tao
725 516 816 606 κρατί
839 510 1031 585 κατανεύων.

360 657 483 723 Gothico
505 655 598 720 forma
613 654 781 735 „hneivan“
804 656 985 736 adducimur,
1007 664 1040 720 ut
1061 658 1183 721 verbnm
1205 659 1244 723 ad
1266 658 1390 748 formam

257 759 601 848 ‚,ana1¹'“revocandum
624 786 693 830 esse
715 786 909 845 censeamus,
939 769 1019 848 quod
1045 769 1138 832 verbo
1160 760 1293 834 κνώσσω
1314 787 1394 832 con·
1463 857 1465 859 q

247 879 367 943 “firmari
389 880 517 944 videtur.
561 878 623 945 Sed
644 896 734 959 quum
756 878 836 942 nullo
859 880 917 943 alio
939 881 1007 945 locu
1030 880 1153 945 verbum
1176 882 1296 945 duarum
1318 898 1393 944 con-

254 1001 397 1056 sonarum
414 992 537 1074 vestigia
559 991 719 1072 praebeat,
740 1001 824 1056 recte
837 994 994 1076 proposuit
1015 994 1177 1059 dhrensius
1199 992 1393 1059 scribendum

254 1123 348 1196 'esset
370 1096 487 1188 κρσίατι
507 1088 671 1167 accedun.

360 1290 391 1356 9.
412 1284 522 1356 νύσσα.
562 1292 593 1355 u.
618 1296 648 1374 ψ
670 1291 744 1371 tue,
766 1291 822 1357 0d.
845 1294 872 1355 θ
897 1290 951 1357 121
981 1291 1117 1359 τοῖσιδ’
1139 1282 1210 1360 α’πό
1228 1284 1357 1377 νύσσης.

360 1431 456 1494 Radix
475 1431 562 1495 huius
579 1429 754 1495 substantivi
777 1430 854 1494 iatet.
888 1430 1076 1494 Conferenda
1099 1448 1169 1495 esse
1188 1432 1304 1496 videtur
1325 1449 1393 1495 cum

258 1541 351 1605 forma
373 1544 403 1604 in
425 1543 525 1627 tingue
547 1541 653 1605 island.
676 1550 735 1605 vet.
758 1550 935 1605 conservata
955 1541 1056 1626 „und‘
1069 1540 1247 1623 (obtundere
1261 1540 1393 1608 cissen-

258 1654 313 1737 [εγ
329 1653 402 1735 1Ι.ρ.
423 1654 498 1729 182)
522 1661 552 1717 et
573 1655 674 1718 Latina
697 1653 837 1738 ‚‚gnitor“
861 1650 1003 1734 (cdliert.
1025 1673 1054 1737 p.
1077 1656 1144 1735 96),
1166 1664 1197 1720 ut
1219 1656 1394 1739 propriavis

259 1766 383 1849 „lapidis
405 1767 434 1829 in
464 1784 583 1843 currum
612 1764 790 1829 obnitentis“
813 1767 860 1830 sit.
903 1765 1108 1840 (cisimus.
1136 1766 1214 1831 nu·d
1243 1767 1393 1842 tundere).

361 1955 411 2019 10.
431 1945 594 2040 νημερτής.
639 1954 693 2018 od.
721 1975 740 2038 y
769 1953 832 2019 327
863 1952 1040 2021 λίσσεσθαι
1070 1952 1106 2021 δέ
1136 1978 1190 2037 μιν
1216 1946 1314 2023 αὐτόν
1338 1910 1407 2020 ἵνα,

411 2062 558 2150 νημερτὲς
578 2060 702 2152 ἐνίσπῃ.
825 2081 828 2089 ·
1315 2150 1319 2157 Ι

365 2204 520 2286 Duplicem
551 2212 759 2269 consonantem
788 2206 817 2267 in
840 2203 939 2268 fronte
969 2207 1093 2287 positam
1115 2205 1208 2271 fuisse
1229 2205 1308 2269 credi
1337 2222 1396 2268 ne·

260 2327 339 2407 quit,
368 2327 435 2407 quia
464 2325 639 2389 adiectiuum
670 2344 708 2388 ex
737 2326 824 2409 signo
846 2326 1051 2408 negationisc
1078 2334 1107 2388 et
1128 2327 1220 2390 verbo
1243 2316 1394 2410 ἁμαρτεῖν

260 2440 455 2519 compositum
479 2445 535 2502 est.
578 2438 671 2501 Recte
695 2438 784 2521 igitur
804 2436 972 2501 Ahrensius
993 2438 1088 2501 multis
1109 2439 1206 2501 causis
1229 2444 1394 2501 commotus
1438 2437 1442 2443 ’

258 2551 379 2633 corrigit
399 2544 439 2613 ‘dv’
461 2539 508 2630 dn,
531 2569 589 2633 qua
611 2548 816 2613 emendatione
839 2549 995 2631 productio
1017 2548 1116 2613 illicita
1138 2548 1258 2612 tollitur.

327 2730 378 2796 11.
399 2729 463 2793 νῦν.

408 2839 440 2905 ΙΙ.
462 2861 480 2905 o
502 2842 544 2905 99
566 2838 658 2924 εἴπερ
679 2836 734 2905 καί
755 2862 806 2916 τις
826 2835 871 2905 ἔτι
892 2839 946 2904 νῦν
968 2836 1115 2905 δαίνυται
1136 2833 1275 2926 εὔφρων.

364 2978 459 3051 Quum
499 2987 567 3061 post
600 2978 769 3061 particulam
805 2976 897 3064 εἴπερ
927 2979 1100 3042 indicativus
1133 2980 1162 3041 in
1196 2996 1229 3040 re
1262 2976 1394 3042 nondum

261 3096 408 3154 transacta
430 3089 576 3154 adhibitus
599 3090 739 3168 offendat,
760 3092 924 3155 dhrensius
946 3092 1056 3154 omisso
1078 3084 1127 3155 ἔτι
1148 3089 1291 3153 adverbio
1313 3097 1395 3153 secte

259 3199 363 3284 legere
385 3200 517 3265 videtur:
546 3199 638 3290 εἴπερ
659 3198 713 3266 καί
735 3223 784 3277 τις
804 3199 862 3267 νῦν
883 3198 1027 3267 δαίνυται
1048 3189 1192 3289 ἐΰφρων,
1222 3209 1255 3265 ut
1281 3198 1395 3266 δαίνυ-

260 3333 313 3376 ται
335 3314 540 3378 coniunctivus
561 3314 608 3378 sit.
651 3315 766 3379 Ceteris
794 3314 869 3379 locis
899 3315 950 3378 ubi
980 3314 1082 3378 brevis
1104 3312 1237 3396 syllabae
1259 3312 1395 3395 produc-

261 3426 302 3488 tio
324 3433 392 3489 ente
414 3425 488 3489 hanc
509 3425 679 3506 particulam
701 3427 858 3506 invenitur,
879 3426 910 3489 ll.
934 3423 954 3490 d
976 3425 1035 3489 301
1062 3414 1103 3489 ἕα
1123 3425 1186 3504 νῦν,
1207 3423 1263 3489 Οσ.
1287 3424 1309 3488 d
1330 3420 1394 3489 685

258 3524 381 3601 Λίάντε
409 3536 476 3615 νῦν,
504 3545 536 3623 ψ
564 3535 627 3601 602
649 3524 808 3617 Ἀντίλοχε
834 3539 905 3614 νῦν,
933 3536 1011 3600 haud
1037 3539 1101 3602 scio
1131 3555 1169 3602 an
1198 3536 1395 3619 corruptelam

260 3647 387 3712 subesse
409 3649 608 3731 accipiendum
631 3648 679 3713 sit.

784 3915 816 3995 ξ.
839 3915 868 3980 9.

364 4094 481 4162 Deinde
503 4095 609 4159 multae
630 4095 747 4161 radices
769 4115 786 4160 a
809 4093 828 4159 ί
849 4096 1025 4178 incipientes
1047 4098 1107 4160 vim
1129 4095 1258 4179 syllabas
1285 4095 1395 4157 breves

260 4206 469 4272 antecedentes
486 4206 673 4290 producendi
683 4208 796 4275 hahere
815 4208 962 4273 uidentur.
985 4209 1059 4275 Sunt
1076 4215 1172 4273 autem
1186 4207 1302 4273 radices
1323 4206 1396 4271 hae:
