3175 4817
830 294 855 365 8

276 471 327 556 gis
348 471 378 533 in
400 471 645 552 vituperationem
667 479 827 538 venturum
849 471 952 551 luisse,
970 490 1058 554 qnam
1080 472 1186 556 siquis
1196 481 1298 538 nesus
1313 482 1408 542 aetate

276 581 387 646 lnrmas
416 601 435 645 e
464 581 588 648 dialecto
617 584 767 651 suonam
796 592 847 648 aut
876 582 1122 667 Guestpbalorum
1152 586 1258 666 petitas
1286 587 1407 652 carmini

276 694 435 759 'l'biudisoo
464 695 600 760 inserere
621 696 720 761 vellet
763 696 865 780 ltaque
889 694 1071 777 probandum
1100 695 1170 759 mibi
1200 696 1331 775 videtur,
1353 716 1406 763 eas

275 823 383 870 vocum
405 807 538 888 formas,
566 826 643 892 quae
664 826 682 873 u
703 808 899 892 grammaticis
922 805 1102 886 afferuntur,
1123 807 1264 890 pristinae
1285 809 1405 895 linguae

277 918 446 983 adiudicare
468 919 524 993 (cl.
547 921 653 1002 lleyne
673 920 733 985 vlt.
755 938 784 1002 p.
811 916 873 984 712
895 923 1005 1003 seqq).
1039 920 1137 1005 lingui
1158 920 1249 1004 igitur
1269 921 1406 986 momenb‘

275 1029 305 1093 in
327 1032 505 1112 quaestione
526 1031 565 1095 de
587 1030 690 1095 formis
710 1032 875 1095 Homericis
905 1031 1038 1095 habenda
1068 1039 1137 1097 sunt
1158 1031 1299 1095 Eustatbii
1321 1050 1404 1095 com·

274 1143 425 1220 montorii,
467 1143 578 1207 scholia
607 1144 739 1219 Veneta,
775 1142 914 1224 Hesychii
951 1142 1068 1209 lexicon
1105 1151 1136 1208 et
1170 1144 1404 1228 Etymologicum

273 1272 421 1337 magnum.

379 1363 411 1428 3.
441 1366 516 1430 'lum
537 1367 730 1451 grammatica
752 1359 944 1450 cognatarum
966 1366 1130 1451 linguarum
1151 1368 1347 1448 comparativa
1368 1365 1405 1429 ad

273 1477 404 1558 speciem
432 1476 592 1542 formarum
614 1479 837 1542 Homericarum
866 1477 1098 1542 constituendam
1120 1496 1258 1563 magnum
1279 1477 1405 1561 praebet

272 1588 487 1653 adminiculum.
531 1590 589 1653 Vix
609 1590 685 1653 huuc
706 1590 838 1673 Boppius
860 1590 1044 1668 fundaverat,
1065 1607 1155 1672 quum
1176 1589 1317 1656 Benfeius
1338 1608 1404 1654 eam

271 1699 304 1764 in
327 1700 519 1766 enucleando
543 1701 667 1767 Graecia
689 1701 842 1766 radicibus
871 1702 1002 1766 adhibuit
1031 1708 1062 1765 et
1088 1712 1246 1783 praecepta
1273 1719 1352 1765 nora
1374 1708 1406 1765 et

273 1811 421 1877 subtiliter
442 1814 610 1897 excogitata
632 1812 747 1877 adiecit
775 1813 951 1878 Praesertim
974 1821 1129 1896 postquam
1152 1813 1307 1878 Grimmius
1329 1829 1405 1877 con-

276 1925 382 2006 spicuo
404 1925 612 2008 grammaticae
634 1922 811 1989 Tbiudiscae
842 1925 977 2008 exemplo
1005 1924 1118 2001 docuit,
1148 1925 1298 2007 quomodo
1320 1944 1404 1988 com·

273 2037 426 2118 paratione
457 2035 647 2100 dialectorum
677 2036 842 2100 secundum
868 2037 1049 2122 singularum
1079 2045 1188 2103 aetates
1218 2037 1267 2100 vel
1295 2038 1404 2116 stirpes

272 2146 311 2212 ad
334 2149 563 2230 antiquissimam
585 2149 703 2233 linquae
724 2148 852 2213 indolem
872 2150 971 2232 possit
991 2148 1151 2231 perveniri,
1172 2148 1342 2230 amplissimi
1364 2167 1405 2212 ex

268 2258 330 2324 bac
351 2258 521 2344 linguarum
539 2261 656 2323 ratione
678 2262 874 2342 comparativa
896 2260 933 2324 ad
951 2260 1062 2326 lormas
1084 2269 1201 2325 ueteres
1220 2261 1404 2325 constituen-

277 2370 334 2436 das
357 2369 471 2435 fructus
493 2379 619 2454 possunt
637 2372 759 2453 percipi.
803 2372 918 2436 Etenim
941 2390 1043 2437 omnes
1064 2372 1196 2457 linquae,
1218 2389 1292 2454 quas
1313 2370 1404 2435 indo-

265 2484 455 2569 gementem
477 2485 533 2548 viri
555 2482 634 2548 docti
656 2492 773 2559 uocant,
795 2502 834 2547 ex
856 2501 913 2546 nna
935 2483 1034 2567 lingue
1055 2484 1201 2565 primitiva
1223 2492 1313 2548 natae
1334 2489 1405 2548 sunt

271 2601 305 2660 et
325 2595 435 2659 sensim
455 2594 537 2658 illam
559 2613 647 2677 mam
668 2613 747 2660 nunc
767 2596 879 2660 babent
898 2595 1022 2660 formam
1044 2595 1219 2674 induerunt3
1255 2614 1317 2678 qno
1338 2594 1402 2660 lac·

271 2713 334 2771 tum
355 2714 401 2770 est
422 2713 455 2770 ut
479 2706 552 2772 aliae
574 2707 696 2794 linguae
716 2709 920 2792 primigeniam
942 2723 1048 2771 vocum
1076 2707 1202 2772 lormam
1229 2707 1404 2788 retinerent,

271 2817 348 2884 abae
369 2817 406 2882 ad
429 2818 639 2884 obscuritatem
662 2828 818 2885 mutarent.
848 2820 950 2894 eume
972 2820 1108 2903 singulae
1129 2818 1250 2905 linguae
1271 2816 1403 2882 conferri

265 2937 400 3013 ¹possunt
420 2930 546 3013 singulis
567 2933 732 3016 primigenii
754 2938 853 2995 textus
875 2931 1028 3013 scriptoris
1050 2929 1204 3013 exemplis,
1225 2947 1302 3013 quse
1315 2929 1404 2993 labo-

271 3050 338 3105 rant
359 3041 408 3105 illa
431 3041 551 3123 quidem
572 3044 703 3126 propriis
725 3043 812 3122 vius,
833 3061 940 3107 nerum
961 3044 1091 3125 propriis
1113 3042 1269 3107 virtutibus
1280 3040 1402 3106 multum

270 3153 309 3218 ad
331 3154 538 3237 primigenium
561 3161 671 3219 textum
693 3154 930 3220 constituendum
952 3155 1062 3220 valent.
1105 3154 1209 3236 ltaque
1230 3155 1256 3218 si
1277 3153 1343 3236 qtu's
1365 3151 1404 3220 de

272 3266 477 3346 antiquissima
507 3283 612 3330 vocurn
640 3268 744 3350 specie
778 3266 930 3331 disserere
958 3265 1038 3343 vult,
1074 3266 1204 3330 omnium
1235 3266 1403 3349 ingonem

270 3385 464 3462 cognatarum
493 3378 635 3441 rationem
661 3377 769 3444 babent
798 3394 925 3444 necesse
954 3386 1010 3443 est
1051 3378 1127 3443 Nam
1152 3377 1179 3440 si
1206 3378 1274 3460 quis
1295 3377 1325 3440 in
1343 3376 1403 3442 uae

267 3493 449 3574 quaestione
471 3509 559 3555 unam
588 3497 699 3555 tanturn
730 3491 860 3576 linquam
888 3492 1042 3573 respicere
1072 3489 1161 3569 velit,
1185 3507 1285 3571 acqua
1314 3487 1404 3552 stulte

265 3608 370 3686 apsis
391 3621 426 3668 ac
455 3604 480 3667 si
512 3603 579 3685 quis
608 3603 639 3665 in
669 3609 752 3668 textu
781 3603 934 3686 scriptoris
965 3600 1151 3668 emendando
1181 3619 1268 3665 unum
1294 3606 1408 3667 tantm

240 3712 405 3802 >sedicem
427 3714 568 3780 conterre
597 3712 722 3781 studeat.
765 3713 804 3779 itt
831 3713 971 3797 proiecto
1000 3712 1107 3778 multam
1136 3712 1329 3795 quaestiones
1349 3711 1406 3780 luto

265 3824 437 3911 linquam
460 3826 720 3909 comparandarum
741 3827 858 3891 ratione
880 3824 917 3889 ad
946 3824 1089 3907 liquidum
1118 3822 1241 3903 perduci
1267 3831 1404 3905 possunt.

270 3936 344 4004 Nam
368 3955 457 4019 quum
476 3945 561 4002 anua
582 3938 639 4003 viri
660 3938 740 4003 docti
761 3939 791 4002 iu
814 3938 976 4002 contrarius
991 3936 1153 4018 sententias
1168 3935 1402 4002 distraherentur

269 4055 302 4112 et
323 4057 406 4114 certe
426 4051 506 4115 seire
527 4050 692 4134 nequirent,
712 4057 813 4116 utrum
835 4067 928 4114 voces
945 4050 1075 4114 Gmecae
1095 4049 1301 4131 antiquissimo
1323 4056 1402 4113 tem-

263 4176 348 4242 pore
368 4162 548 4246 simplicibus
569 4169 600 4226 et
618 4162 773 4241 breuibus,
792 4180 832 4228 an
845 4160 952 4246 *longis
973 4165 1006 4224 et
1020 4157 1122 4241 ‚plenis
1137 4160 1240 4226 bruris
1254 4178 1329 4226 mac
1345 4177 1401 4228 ec·
