<?xml version="1.0" encoding="UTF-8"?>
<!DOCTYPE html PUBLIC "-//W3C//DTD XHTML 1.0 Transitional//EN"
    "http://www.w3.org/TR/xhtml1/DTD/xhtml1-transitional.dtd">
<html xmlns="http://www.w3.org/1999/xhtml" xml:lang="en" lang="en">
 <head>
  <title>
</title>
<meta http-equiv="Content-Type" content="text/html;charset=utf-8" />
  <meta name='ocr-system' content='tesseract 3.04.00' />
  <meta name='ocr-capabilities' content='ocr_page ocr_carea ocr_par ocr_line ocrx_word'/>
</head>
<body>
  <div class='ocr_page' id='page_1' title='image "./desyllabaruminb00wollgoog_0018.png"; bbox 0 0 3175 4817; ppageno 0'>
   <div class='ocr_carea' id='block_1_1' title="bbox 733 293 852 385">
    <p class='ocr_par' dir='ltr' id='par_1_1' title="bbox 733 293 852 385">
     <span class='ocr_line' id='line_1_1' title="bbox 733 293 852 385; baseline 0 0"><span class='ocrx_word' id='word_1_1' title='bbox 733 293 737 303; x_wconf 86' lang='lat'>&#39;</span> <span class='ocrx_word' id='word_1_2' title='bbox 830 322 852 385; x_wconf 87' lang='lat' dir='ltr'><strong>o</strong></span> 
     </span>
    </p>
   </div>
   <div class='ocr_carea' id='block_1_2' title="bbox 804 572 885 648">
    <p class='ocr_par' dir='ltr' id='par_1_2' title="bbox 804 572 885 648">
     <span class='ocr_line' id='line_1_2' title="bbox 804 572 885 648; baseline -0.136 0"><span class='ocrx_word' id='word_1_3' title='bbox 804 572 885 648; x_wconf 69' lang='lat' dir='ltr'><strong>bd.</strong></span> 
     </span>
    </p>
   </div>
   <div class='ocr_carea' id='block_1_3' title="bbox 275 712 1415 3028">
    <p class='ocr_par' dir='ltr' id='par_1_3' title="bbox 275 712 1415 3028">
     <span class='ocr_line' id='line_1_3' title="bbox 331 712 1411 797; baseline -0.005 -17"><span class='ocrx_word' id='word_1_4' title='bbox 331 759 334 766; x_wconf 69' lang='lat'>,</span> <span class='ocrx_word' id='word_1_5' title='bbox 380 714 438 782; x_wconf 84' lang='lat' dir='ltr'><strong>Sed</strong></span> <span class='ocrx_word' id='word_1_6' title='bbox 460 713 592 797; x_wconf 87' lang='lat' dir='ltr'><strong>perfecta</strong></span> <span class='ocrx_word' id='word_1_7' title='bbox 616 722 646 777; x_wconf 89' lang='lat' dir='ltr'><strong>et</strong></span> <span class='ocrx_word' id='word_1_8' title='bbox 668 713 811 777; x_wconf 90' lang='lat' dir='ltr'><strong>orationis</strong></span> <span class='ocrx_word' id='word_1_9' title='bbox 844 720 874 776; x_wconf 86' lang='lat' dir='ltr'><strong>et</strong></span> <span class='ocrx_word' id='word_1_10' title='bbox 900 712 1124 793; x_wconf 69' lang='lat' dir='ltr'><strong>compositionis</strong></span> <span class='ocrx_word' id='word_1_11' title='bbox 1152 719 1216 774; x_wconf 89' lang='lat' dir='ltr'><strong>arte</strong></span> <span class='ocrx_word' id='word_1_12' title='bbox 1245 713 1411 791; x_wconf 82' lang='lat' dir='ltr'><strong>monemur,</strong></span> 
     </span>
     <span class='ocr_line' id='line_1_4' title="bbox 276 822 1413 908; baseline -0.003 -17"><span class='ocrx_word' id='word_1_13' title='bbox 276 835 368 892; x_wconf 88' lang='lat' dir='ltr'><strong>utne</strong></span> <span class='ocrx_word' id='word_1_14' title='bbox 389 828 420 890; x_wconf 92' lang='lat' dir='ltr'><strong>iu</strong></span> <span class='ocrx_word' id='word_1_15' title='bbox 443 826 537 891; x_wconf 86' lang='lat' dir='ltr'><strong>iorma</strong></span> <span class='ocrx_word' id='word_1_16' title='bbox 559 825 678 908; x_wconf 87' lang='lat' dir='ltr'><strong>quidem</strong></span> <span class='ocrx_word' id='word_1_17' title='bbox 702 824 862 907; x_wconf 88' lang='lat' dir='ltr'><strong>quidquam</strong></span> <span class='ocrx_word' id='word_1_18' title='bbox 883 823 921 885; x_wconf 94' lang='lat' dir='ltr'><strong>ad</strong></span> <span class='ocrx_word' id='word_1_19' title='bbox 943 822 1136 906; x_wconf 80' lang='lat' dir='ltr'><strong>perfectiouis</strong></span> <span class='ocrx_word' id='word_1_20' title='bbox 1158 823 1275 886; x_wconf 90' lang='lat' dir='ltr'><strong>laudem</strong></span> <span class='ocrx_word' id='word_1_21' title='bbox 1300 823 1413 888; x_wconf 84' lang='lat' dir='ltr'><strong>deesse</strong></span> 
     </span>
     <span class='ocr_line' id='line_1_5' title="bbox 276 934 1411 1016; baseline -0.004 -13"><span class='ocrx_word' id='word_1_22' title='bbox 276 958 313 1004; x_wconf 89' lang='lat' dir='ltr'><strong>ac</strong></span> <span class='ocrx_word' id='word_1_23' title='bbox 329 941 395 1003; x_wconf 88' lang='lat' dir='ltr'><strong>iure</strong></span> <span class='ocrx_word' id='word_1_24' title='bbox 417 937 576 1002; x_wconf 83' lang='lat' dir='ltr'><strong>desiderari</strong></span> <span class='ocrx_word' id='word_1_25' title='bbox 599 936 808 1001; x_wconf 77' lang='lat' dir='ltr'><strong>concedamus.</strong></span> <span class='ocrx_word' id='word_1_26' title='bbox 831 935 938 1009; x_wconf 79' lang='lat' dir='ltr'><strong>¹Quae</strong></span> <span class='ocrx_word' id='word_1_27' title='bbox 952 935 1034 1013; x_wconf 86' lang='lat' dir='ltr'><strong>laos,</strong></span> <span class='ocrx_word' id='word_1_28' title='bbox 1056 936 1082 999; x_wconf 91' lang='lat' dir='ltr'><strong>si</strong></span> <span class='ocrx_word' id='word_1_29' title='bbox 1103 934 1215 997; x_wconf 87' lang='lat' dir='ltr'><strong>illarum</strong></span> <span class='ocrx_word' id='word_1_30' title='bbox 1239 934 1278 999; x_wconf 86' lang='lat' dir='ltr'><strong>de</strong></span> <span class='ocrx_word' id='word_1_31' title='bbox 1301 936 1411 1016; x_wconf 87' lang='lat' dir='ltr'><strong>quibas-</strong></span> 
     </span>
     <span class='ocr_line' id='line_1_6' title="bbox 278 1046 1413 1133; baseline -0.004 -18"><span class='ocrx_word' id='word_1_32' title='bbox 278 1051 415 1133; x_wconf 87' lang='lat' dir='ltr'><strong>quaestio</strong></span> <span class='ocrx_word' id='word_1_33' title='bbox 438 1057 485 1113; x_wconf 91' lang='lat' dir='ltr'><strong>est</strong></span> <span class='ocrx_word' id='word_1_34' title='bbox 506 1048 684 1131; x_wconf 80' lang='lat' dir='ltr'><strong>syllabarum</strong></span> <span class='ocrx_word' id='word_1_35' title='bbox 706 1048 783 1111; x_wconf 88' lang='lat' dir='ltr'><strong>ratio</strong></span> <span class='ocrx_word' id='word_1_36' title='bbox 806 1065 866 1109; x_wconf 91' lang='lat' dir='ltr'><strong>non</strong></span> <span class='ocrx_word' id='word_1_37' title='bbox 887 1046 1029 1125; x_wconf 88' lang='lat' dir='ltr'><strong>babetur,</strong></span> <span class='ocrx_word' id='word_1_38' title='bbox 1051 1063 1193 1109; x_wconf 85' lang='lat' dir='ltr'><strong>versuum</strong></span> <span class='ocrx_word' id='word_1_39' title='bbox 1215 1048 1413 1111; x_wconf 81' lang='lat' dir='ltr'><strong>constructio·</strong></span> 
     </span>
     <span class='ocr_line' id='line_1_7' title="bbox 276 1157 1408 1236; baseline -0.004 -11"><span class='ocrx_word' id='word_1_40' title='bbox 276 1180 345 1226; x_wconf 89' lang='lat' dir='ltr'><strong>nem</strong></span> <span class='ocrx_word' id='word_1_41' title='bbox 366 1160 483 1223; x_wconf 87' lang='lat' dir='ltr'><strong>minime</strong></span> <span class='ocrx_word' id='word_1_42' title='bbox 506 1158 617 1236; x_wconf 83' lang='lat' dir='ltr'><strong>delicit,</strong></span> <span class='ocrx_word' id='word_1_43' title='bbox 639 1159 727 1222; x_wconf 94' lang='lat' dir='ltr'><strong>immo</strong></span> <span class='ocrx_word' id='word_1_44' title='bbox 750 1159 874 1221; x_wconf 85' lang='lat' dir='ltr'><strong>maxima</strong></span> <span class='ocrx_word' id='word_1_45' title='bbox 896 1159 925 1221; x_wconf 92' lang='lat' dir='ltr'><strong>in</strong></span> <span class='ocrx_word' id='word_1_46' title='bbox 948 1160 992 1222; x_wconf 88' lang='lat' dir='ltr'><strong>eis</strong></span> <span class='ocrx_word' id='word_1_47' title='bbox 1014 1175 1066 1221; x_wconf 86' lang='lat' dir='ltr'><strong>ars</strong></span> <span class='ocrx_word' id='word_1_48' title='bbox 1087 1157 1182 1219; x_wconf 91' lang='lat' dir='ltr'><strong>oculis</strong></span> <span class='ocrx_word' id='word_1_49' title='bbox 1203 1159 1312 1221; x_wconf 89' lang='lat' dir='ltr'><strong>nostris</strong></span> <span class='ocrx_word' id='word_1_50' title='bbox 1335 1157 1408 1221; x_wconf 89' lang='lat' dir='ltr'><strong>sub·</strong></span> 
     </span>
     <span class='ocr_line' id='line_1_8' title="bbox 275 1268 1409 1350; baseline -0.004 -13"><span class='ocrx_word' id='word_1_51' title='bbox 275 1274 382 1338; x_wconf 83' lang='lat' dir='ltr'><strong>licitur.</strong></span> <span class='ocrx_word' id='word_1_52' title='bbox 412 1271 514 1345; x_wconf 73' lang='lat' dir='ltr'><strong>Quare</strong></span> <span class='ocrx_word' id='word_1_53' title='bbox 535 1289 551 1334; x_wconf 92' lang='lat' dir='ltr'><strong>a</strong></span> <span class='ocrx_word' id='word_1_54' title='bbox 575 1288 648 1334; x_wconf 83' lang='lat' dir='ltr'><strong>vero</strong></span> <span class='ocrx_word' id='word_1_55' title='bbox 671 1269 748 1334; x_wconf 91' lang='lat' dir='ltr'><strong>baud</strong></span> <span class='ocrx_word' id='word_1_56' title='bbox 770 1270 916 1334; x_wconf 88' lang='lat' dir='ltr'><strong>absonum</strong></span> <span class='ocrx_word' id='word_1_57' title='bbox 938 1271 996 1333; x_wconf 88' lang='lat' dir='ltr'><strong>erit</strong></span> <span class='ocrx_word' id='word_1_58' title='bbox 1018 1269 1155 1350; x_wconf 87' lang='lat' dir='ltr'><strong>accipere</strong></span> <span class='ocrx_word' id='word_1_59' title='bbox 1177 1268 1223 1331; x_wconf 94' lang='lat' dir='ltr'><strong>illa</strong></span> <span class='ocrx_word' id='word_1_60' title='bbox 1246 1270 1275 1331; x_wconf 92' lang='lat' dir='ltr'><strong>in</strong></span> <span class='ocrx_word' id='word_1_61' title='bbox 1298 1286 1409 1349; x_wconf 85' lang='lat' dir='ltr'><strong>proso-</strong></span> 
     </span>
     <span class='ocr_line' id='line_1_9' title="bbox 277 1380 1409 1467; baseline -0.005 -19"><span class='ocrx_word' id='word_1_62' title='bbox 277 1383 352 1448; x_wconf 91' lang='lat' dir='ltr'><strong>diam</strong></span> <span class='ocrx_word' id='word_1_63' title='bbox 373 1390 494 1467; x_wconf 90' lang='lat' dir='ltr'><strong>peccata</strong></span> <span class='ocrx_word' id='word_1_64' title='bbox 517 1382 644 1447; x_wconf 91' lang='lat' dir='ltr'><strong>librariis</strong></span> <span class='ocrx_word' id='word_1_65' title='bbox 668 1381 784 1446; x_wconf 87' lang='lat' dir='ltr'><strong>deberi.</strong></span> <span class='ocrx_word' id='word_1_66' title='bbox 808 1382 922 1445; x_wconf 78' lang='lat' dir='ltr'><strong>Etenim</strong></span> <span class='ocrx_word' id='word_1_67' title='bbox 944 1388 1014 1463; x_wconf 87' lang='lat' dir='ltr'><strong>post</strong></span> <span class='ocrx_word' id='word_1_68' title='bbox 1034 1380 1186 1463; x_wconf 85' lang='lat' dir='ltr'><strong>praeclara</strong></span> <span class='ocrx_word' id='word_1_69' title='bbox 1209 1380 1257 1443; x_wconf 89' lang='lat' dir='ltr'><strong>illa</strong></span> <span class='ocrx_word' id='word_1_70' title='bbox 1273 1380 1409 1465; x_wconf 82' lang='lat' dir='ltr'><strong>Fr.Aug.</strong></span> 
     </span>
     <span class='ocr_line' id='line_1_10' title="bbox 277 1492 1407 1577; baseline -0.003 -19"><span class='ocrx_word' id='word_1_71' title='bbox 277 1494 379 1558; x_wconf 86' lang='lat' dir='ltr'><strong>Woliii</strong></span> <span class='ocrx_word' id='word_1_72' title='bbox 401 1494 613 1577; x_wconf 85' lang='lat' dir='ltr'><strong>prolegomena</strong></span> <span class='ocrx_word' id='word_1_73' title='bbox 636 1508 722 1556; x_wconf 87' lang='lat' dir='ltr'><strong>nemo</strong></span> <span class='ocrx_word' id='word_1_74' title='bbox 745 1494 801 1557; x_wconf 90' lang='lat' dir='ltr'><strong>nisi</strong></span> <span class='ocrx_word' id='word_1_75' title='bbox 824 1494 874 1574; x_wconf 82' lang='lat' dir='ltr'><strong>qui</strong></span> <span class='ocrx_word' id='word_1_76' title='bbox 895 1495 924 1556; x_wconf 92' lang='lat' dir='ltr'><strong>in</strong></span> <span class='ocrx_word' id='word_1_77' title='bbox 948 1511 1060 1556; x_wconf 91' lang='lat' dir='ltr'><strong>summa</strong></span> <span class='ocrx_word' id='word_1_78' title='bbox 1083 1492 1186 1554; x_wconf 87' lang='lat' dir='ltr'><strong>barum</strong></span> <span class='ocrx_word' id='word_1_79' title='bbox 1208 1509 1310 1556; x_wconf 88' lang='lat' dir='ltr'><strong>rerum</strong></span> <span class='ocrx_word' id='word_1_80' title='bbox 1333 1510 1407 1555; x_wconf 83' lang='lat' dir='ltr'><strong>aer·</strong></span> 
     </span>
     <span class='ocr_line' id='line_1_11' title="bbox 277 1603 1411 1690; baseline -0.003 -21"><span class='ocrx_word' id='word_1_81' title='bbox 277 1614 359 1670; x_wconf 86' lang='lat' dir='ltr'><strong>satur</strong></span> <span class='ocrx_word' id='word_1_82' title='bbox 379 1606 567 1690; x_wconf 74' lang='lat' dir='ltr'><strong>ignoratione</strong></span> <span class='ocrx_word' id='word_1_83' title='bbox 588 1605 701 1683; x_wconf 89' lang='lat' dir='ltr'><strong>nescit,</strong></span> <span class='ocrx_word' id='word_1_84' title='bbox 724 1622 818 1685; x_wconf 78' lang='lat' dir='ltr'><strong>guam</strong></span> <span class='ocrx_word' id='word_1_85' title='bbox 848 1603 972 1668; x_wconf 86' lang='lat' dir='ltr'><strong>formam</strong></span> <span class='ocrx_word' id='word_1_86' title='bbox 1000 1622 1078 1666; x_wconf 90' lang='lat' dir='ltr'><strong>nunc</strong></span> <span class='ocrx_word' id='word_1_87' title='bbox 1101 1604 1228 1667; x_wconf 91' lang='lat' dir='ltr'><strong>carmina</strong></span> <span class='ocrx_word' id='word_1_88' title='bbox 1251 1604 1411 1666; x_wconf 84' lang='lat' dir='ltr'><strong>Homerica</strong></span> 
     </span>
     <span class='ocr_line' id='line_1_12' title="bbox 276 1716 1409 1799; baseline -0.003 -17"><span class='ocrx_word' id='word_1_89' title='bbox 276 1717 420 1797; x_wconf 89' lang='lat' dir='ltr'><strong>babeant,</strong></span> <span class='ocrx_word' id='word_1_90' title='bbox 449 1736 513 1782; x_wconf 88' lang='lat' dir='ltr'><strong>eam</strong></span> <span class='ocrx_word' id='word_1_91' title='bbox 543 1717 580 1780; x_wconf 93' lang='lat' dir='ltr'><strong>ab</strong></span> <span class='ocrx_word' id='word_1_92' title='bbox 602 1716 814 1781; x_wconf 79' lang='lat' dir='ltr'><strong>Alexandrinis</strong></span> <span class='ocrx_word' id='word_1_93' title='bbox 841 1718 949 1781; x_wconf 86' lang='lat' dir='ltr'><strong>criticis</strong></span> <span class='ocrx_word' id='word_1_94' title='bbox 979 1716 1162 1799; x_wconf 75' lang='lat' dir='ltr'><strong>constitutam</strong></span> <span class='ocrx_word' id='word_1_95' title='bbox 1194 1734 1275 1794; x_wconf 89' lang='lat' dir='ltr'><strong>esse,</strong></span> <span class='ocrx_word' id='word_1_96' title='bbox 1305 1733 1409 1797; x_wconf 88' lang='lat' dir='ltr'><strong>neque</strong></span> 
     </span>
     <span class='ocr_line' id='line_1_13' title="bbox 280 1826 1411 1911; baseline -0.004 -18"><span class='ocrx_word' id='word_1_97' title='bbox 280 1838 371 1894; x_wconf 81' lang='lat' dir='ltr'><strong>artem</strong></span> <span class='ocrx_word' id='word_1_98' title='bbox 393 1829 522 1893; x_wconf 81' lang='lat' dir='ltr'><strong>criticam</strong></span> <span class='ocrx_word' id='word_1_99' title='bbox 545 1827 620 1890; x_wconf 86' lang='lat' dir='ltr'><strong>ultra</strong></span> <span class='ocrx_word' id='word_1_100' title='bbox 643 1827 806 1891; x_wconf 85' lang='lat' dir='ltr'><strong>Aristarchi</strong></span> <span class='ocrx_word' id='word_1_101' title='bbox 827 1828 1034 1910; x_wconf 85' lang='lat' dir='ltr'><strong>recensionem</strong></span> <span class='ocrx_word' id='word_1_102' title='bbox 1061 1827 1183 1911; x_wconf 87' lang='lat' dir='ltr'><strong>regredi</strong></span> <span class='ocrx_word' id='word_1_103' title='bbox 1204 1843 1305 1908; x_wconf 89' lang='lat' dir='ltr'><strong>posse.</strong></span> <span class='ocrx_word' id='word_1_104' title='bbox 1349 1826 1411 1891; x_wconf 85' lang='lat' dir='ltr'><strong>Sed</strong></span> 
     </span>
     <span class='ocr_line' id='line_1_14' title="bbox 277 1938 1411 2021; baseline -0.004 -17"><span class='ocrx_word' id='word_1_105' title='bbox 277 1959 318 2004; x_wconf 89' lang='lat' dir='ltr'><strong>ne</strong></span> <span class='ocrx_word' id='word_1_106' title='bbox 341 1959 380 2003; x_wconf 81' lang='lat' dir='ltr'><strong>ex</strong></span> <span class='ocrx_word' id='word_1_107' title='bbox 396 1939 493 2021; x_wconf 92' lang='lat' dir='ltr'><strong>prima</strong></span> <span class='ocrx_word' id='word_1_108' title='bbox 515 1938 634 2019; x_wconf 87' lang='lat' dir='ltr'><strong>quidem</strong></span> <span class='ocrx_word' id='word_1_109' title='bbox 658 1938 705 2002; x_wconf 93' lang='lat' dir='ltr'><strong>illa</strong></span> <span class='ocrx_word' id='word_1_110' title='bbox 728 1939 794 2002; x_wconf 81' lang='lat' dir='ltr'><strong>siae</strong></span> <span class='ocrx_word' id='word_1_111' title='bbox 807 1939 946 2002; x_wconf 84' lang='lat' dir='ltr'><strong>Pisistrati</strong></span> <span class='ocrx_word' id='word_1_112' title='bbox 968 1939 1034 2002; x_wconf 85' lang='lat' dir='ltr'><strong>sive</strong></span> <span class='ocrx_word' id='word_1_113' title='bbox 1045 1938 1203 2019; x_wconf 85' lang='lat' dir='ltr'><strong>Hipparchi</strong></span> <span class='ocrx_word' id='word_1_114' title='bbox 1221 1939 1411 2017; x_wconf 82' lang='lat' dir='ltr'><strong>recensione,</strong></span> 
     </span>
     <span class='ocr_line' id='line_1_15' title="bbox 279 2038 1413 2131; baseline -0.005 -13"><span class='ocrx_word' id='word_1_115' title='bbox 279 2053 308 2119; x_wconf 80' lang='lat' dir='ltr'><strong>ai</strong></span> <span class='ocrx_word' id='word_1_116' title='bbox 329 2052 441 2128; x_wconf 89' lang='lat' dir='ltr'><strong>liceret,</strong></span> <span class='ocrx_word' id='word_1_117' title='bbox 463 2068 527 2112; x_wconf 89' lang='lat' dir='ltr'><strong>eam</strong></span> <span class='ocrx_word' id='word_1_118' title='bbox 550 2038 707 2113; x_wconf 81' lang='lat' dir='ltr'><strong>carminum</strong></span> <span class='ocrx_word' id='word_1_119' title='bbox 731 2049 855 2114; x_wconf 85' lang='lat' dir='ltr'><strong>formam</strong></span> <span class='ocrx_word' id='word_1_120' title='bbox 877 2050 996 2114; x_wconf 87' lang='lat' dir='ltr'><strong>baurire</strong></span> <span class='ocrx_word' id='word_1_121' title='bbox 1008 2050 1186 2124; x_wconf 85' lang='lat' dir='ltr'><strong>valeremus,</strong></span> <span class='ocrx_word' id='word_1_122' title='bbox 1210 2068 1297 2131; x_wconf 86' lang='lat' dir='ltr'><strong>quam</strong></span> <span class='ocrx_word' id='word_1_123' title='bbox 1314 2049 1413 2112; x_wconf 81' lang='lat' dir='ltr'><strong>adiro</strong></span> 
     </span>
     <span class='ocr_line' id='line_1_16' title="bbox 279 2161 1410 2245; baseline -0.007 -16"><span class='ocrx_word' id='word_1_124' title='bbox 279 2173 349 2230; x_wconf 86' lang='lat' dir='ltr'><strong>vate</strong></span> <span class='ocrx_word' id='word_1_125' title='bbox 371 2169 559 2245; x_wconf 85' lang='lat' dir='ltr'><strong>acceperunt.</strong></span> <span class='ocrx_word' id='word_1_126' title='bbox 580 2162 653 2225; x_wconf 87' lang='lat' dir='ltr'><strong>Nam</strong></span> <span class='ocrx_word' id='word_1_127' title='bbox 676 2180 849 2243; x_wconf 85' lang='lat' dir='ltr'><strong>quamquam</strong></span> <span class='ocrx_word' id='word_1_128' title='bbox 873 2161 1030 2239; x_wconf 82' lang='lat' dir='ltr'><strong>Nitnsctio,</strong></span> <span class='ocrx_word' id='word_1_129' title='bbox 1052 2161 1227 2241; x_wconf 85' lang='lat' dir='ltr'><strong>Welelrerc,</strong></span> <span class='ocrx_word' id='word_1_130' title='bbox 1250 2161 1314 2224; x_wconf 88' lang='lat' dir='ltr'><strong>aliis</strong></span> <span class='ocrx_word' id='word_1_131' title='bbox 1335 2177 1410 2223; x_wconf 91' lang='lat' dir='ltr'><strong>con·</strong></span> 
     </span>
     <span class='ocr_line' id='line_1_17' title="bbox 279 2272 1413 2356; baseline -0.004 -16"><span class='ocrx_word' id='word_1_132' title='bbox 279 2275 389 2340; x_wconf 89' lang='lat' dir='ltr'><strong>cedere</strong></span> <span class='ocrx_word' id='word_1_133' title='bbox 412 2275 564 2353; x_wconf 87' lang='lat' dir='ltr'><strong>debemus,</strong></span> <span class='ocrx_word' id='word_1_134' title='bbox 584 2282 676 2337; x_wconf 90' lang='lat' dir='ltr'><strong>artem</strong></span> <span class='ocrx_word' id='word_1_135' title='bbox 697 2273 846 2338; x_wconf 87' lang='lat' dir='ltr'><strong>scribendi</strong></span> <span class='ocrx_word' id='word_1_136' title='bbox 868 2275 924 2337; x_wconf 93' lang='lat' dir='ltr'><strong>iam</strong></span> <span class='ocrx_word' id='word_1_137' title='bbox 946 2274 1116 2356; x_wconf 88' lang='lat' dir='ltr'><strong>longeante</strong></span> <span class='ocrx_word' id='word_1_138' title='bbox 1129 2272 1272 2336; x_wconf 88' lang='lat' dir='ltr'><strong>Pisistrati</strong></span> <span class='ocrx_word' id='word_1_139' title='bbox 1294 2281 1413 2352; x_wconf 85' lang='lat' dir='ltr'><strong>tempus</strong></span> 
     </span>
     <span class='ocr_line' id='line_1_18' title="bbox 278 2382 1411 2464; baseline -0.004 -14"><span class='ocrx_word' id='word_1_140' title='bbox 278 2385 310 2449; x_wconf 93' lang='lat' dir='ltr'><strong>iu</strong></span> <span class='ocrx_word' id='word_1_141' title='bbox 330 2405 387 2450; x_wconf 92' lang='lat' dir='ltr'><strong>usu</strong></span> <span class='ocrx_word' id='word_1_142' title='bbox 408 2385 513 2464; x_wconf 86' lang='lat' dir='ltr'><strong>fuisse,</strong></span> <span class='ocrx_word' id='word_1_143' title='bbox 533 2392 630 2448; x_wconf 76' lang='lat' dir='ltr'><strong>umen</strong></span> <span class='ocrx_word' id='word_1_144' title='bbox 651 2384 776 2449; x_wconf 87' lang='lat' dir='ltr'><strong>Wolfius</strong></span> <span class='ocrx_word' id='word_1_145' title='bbox 799 2386 871 2449; x_wconf 86' lang='lat' dir='ltr'><strong>satis</strong></span> <span class='ocrx_word' id='word_1_146' title='bbox 893 2385 981 2448; x_wconf 91' lang='lat' dir='ltr'><strong>muita</strong></span> <span class='ocrx_word' id='word_1_147' title='bbox 1003 2386 1168 2449; x_wconf 87' lang='lat' dir='ltr'><strong>testimonia</strong></span> <span class='ocrx_word' id='word_1_148' title='bbox 1191 2386 1325 2449; x_wconf 86' lang='lat' dir='ltr'><strong>attulisse</strong></span> <span class='ocrx_word' id='word_1_149' title='bbox 1341 2382 1411 2446; x_wconf 90' lang='lat' dir='ltr'><strong>mibi</strong></span> 
     </span>
     <span class='ocr_line' id='line_1_19' title="bbox 279 2495 1415 2582; baseline -0.002 -21"><span class='ocrx_word' id='word_1_150' title='bbox 279 2498 408 2577; x_wconf 84' lang='lat' dir='ltr'><strong>videtur,</strong></span> <span class='ocrx_word' id='word_1_151' title='bbox 431 2516 448 2561; x_wconf 88' lang='lat' dir='ltr'><strong>a</strong></span> <span class='ocrx_word' id='word_1_152' title='bbox 470 2495 627 2578; x_wconf 86' lang='lat' dir='ltr'><strong>rhapsodis</strong></span> <span class='ocrx_word' id='word_1_153' title='bbox 650 2497 834 2576; x_wconf 90' lang='lat' dir='ltr'><strong>potissimum</strong></span> <span class='ocrx_word' id='word_1_154' title='bbox 856 2497 985 2560; x_wconf 88' lang='lat' dir='ltr'><strong>carmina</strong></span> <span class='ocrx_word' id='word_1_155' title='bbox 1008 2497 1164 2560; x_wconf 81' lang='lat' dir='ltr'><strong>Homerica</strong></span> <span class='ocrx_word' id='word_1_156' title='bbox 1186 2513 1257 2559; x_wconf 89' lang='lat' dir='ltr'><strong>esse</strong></span> <span class='ocrx_word' id='word_1_157' title='bbox 1279 2503 1415 2582; x_wconf 42' lang='lat' dir='ltr'><strong>servatae</strong></span> 
     </span>
     <span class='ocr_line' id='line_1_20' title="bbox 279 2607 1414 2693; baseline -0.004 -19"><span class='ocrx_word' id='word_1_158' title='bbox 279 2608 381 2691; x_wconf 85' lang='lat' dir='ltr'><strong>ltaque</strong></span> <span class='ocrx_word' id='word_1_159' title='bbox 403 2608 574 2693; x_wconf 79' lang='lat' dir='ltr'><strong>intelligitur</strong></span> <span class='ocrx_word' id='word_1_160' title='bbox 596 2608 670 2671; x_wconf 89' lang='lat' dir='ltr'><strong>baec</strong></span> <span class='ocrx_word' id='word_1_161' title='bbox 692 2608 840 2687; x_wconf 89' lang='lat' dir='ltr'><strong>carmina,</strong></span> <span class='ocrx_word' id='word_1_162' title='bbox 870 2617 1024 2690; x_wconf 88' lang='lat' dir='ltr'><strong>antequam</strong></span> <span class='ocrx_word' id='word_1_163' title='bbox 1054 2609 1160 2673; x_wconf 88' lang='lat' dir='ltr'><strong>litteris</strong></span> <span class='ocrx_word' id='word_1_164' title='bbox 1182 2608 1317 2671; x_wconf 89' lang='lat' dir='ltr'><strong>mandata</strong></span> <span class='ocrx_word' id='word_1_165' title='bbox 1343 2607 1414 2685; x_wconf 83' lang='lat' dir='ltr'><strong>sint,</strong></span> 
     </span>
     <span class='ocr_line' id='line_1_21' title="bbox 277 2720 1415 2804; baseline -0.002 -19"><span class='ocrx_word' id='word_1_166' title='bbox 277 2721 383 2786; x_wconf 81' lang='lat' dir='ltr'><strong>mattas</strong></span> <span class='ocrx_word' id='word_1_167' title='bbox 406 2720 535 2784; x_wconf 86' lang='lat' dir='ltr'><strong>subiisse</strong></span> <span class='ocrx_word' id='word_1_168' title='bbox 556 2720 745 2799; x_wconf 87' lang='lat' dir='ltr'><strong>mutationes,</strong></span> <span class='ocrx_word' id='word_1_169' title='bbox 767 2738 856 2802; x_wconf 88' lang='lat' dir='ltr'><strong>quum</strong></span> <span class='ocrx_word' id='word_1_170' title='bbox 880 2720 997 2802; x_wconf 87' lang='lat' dir='ltr'><strong>quidem</strong></span> <span class='ocrx_word' id='word_1_171' title='bbox 1018 2720 1117 2804; x_wconf 83' lang='lat' dir='ltr'><strong>lingua</strong></span> <span class='ocrx_word' id='word_1_172' title='bbox 1133 2722 1196 2803; x_wconf 92' lang='lat' dir='ltr'><strong>ipsa</strong></span> <span class='ocrx_word' id='word_1_173' title='bbox 1212 2720 1268 2783; x_wconf 90' lang='lat' dir='ltr'><strong>illis</strong></span> <span class='ocrx_word' id='word_1_174' title='bbox 1283 2720 1415 2784; x_wconf 79' lang='lat' dir='ltr'><strong>saeculis</strong></span> 
     </span>
     <span class='ocr_line' id='line_1_22' title="bbox 279 2832 1411 2917; baseline -0.002 -20"><span class='ocrx_word' id='word_1_175' title='bbox 279 2832 399 2897; x_wconf 87' lang='lat' dir='ltr'><strong>Homeri</strong></span> <span class='ocrx_word' id='word_1_176' title='bbox 429 2839 556 2896; x_wconf 74' lang='lat' dir='ltr'><strong>aemtem</strong></span> <span class='ocrx_word' id='word_1_177' title='bbox 586 2833 768 2896; x_wconf 83' lang='lat' dir='ltr'><strong>aPisistrati</strong></span> <span class='ocrx_word' id='word_1_178' title='bbox 799 2840 932 2914; x_wconf 86' lang='lat' dir='ltr'><strong>tempore</strong></span> <span class='ocrx_word' id='word_1_179' title='bbox 962 2832 1195 2917; x_wconf 86' lang='lat' dir='ltr'><strong>disiungentibus</strong></span> <span class='ocrx_word' id='word_1_180' title='bbox 1222 2834 1341 2897; x_wconf 91' lang='lat' dir='ltr'><strong>omnino</strong></span> <span class='ocrx_word' id='word_1_181' title='bbox 1372 2832 1411 2895; x_wconf 87' lang='lat' dir='ltr'><strong>sit</strong></span> 
     </span>
     <span class='ocr_line' id='line_1_23' title="bbox 280 2943 1409 3028; baseline -0.003 -20"><span class='ocrx_word' id='word_1_182' title='bbox 280 2952 400 3010; x_wconf 70' lang='lat' dir='ltr'><strong>muwta.</strong></span> <span class='ocrx_word' id='word_1_183' title='bbox 440 2945 513 3008; x_wconf 88' lang='lat' dir='ltr'><strong>Nam</strong></span> <span class='ocrx_word' id='word_1_184' title='bbox 536 2944 616 3025; x_wconf 89' lang='lat' dir='ltr'><strong>quod</strong></span> <span class='ocrx_word' id='word_1_185' title='bbox 646 2946 675 3007; x_wconf 93' lang='lat' dir='ltr'><strong>in</strong></span> <span class='ocrx_word' id='word_1_186' title='bbox 705 2944 839 3009; x_wconf 84' lang='lat' dir='ltr'><strong>omnibus</strong></span> <span class='ocrx_word' id='word_1_187' title='bbox 855 2943 934 3008; x_wconf 65' lang='lat' dir='ltr'><strong>⁴fere</strong></span> <span class='ocrx_word' id='word_1_188' title='bbox 961 2945 1069 3028; x_wconf 86' lang='lat' dir='ltr'><strong>linguis</strong></span> <span class='ocrx_word' id='word_1_189' title='bbox 1101 2946 1292 3022; x_wconf 84' lang='lat' dir='ltr'><strong>observatur,</strong></span> <span class='ocrx_word' id='word_1_190' title='bbox 1319 2962 1409 3025; x_wconf 84' lang='lat' dir='ltr'><strong>quum</strong></span> 
     </span>
    </p>
   </div>
   <div class='ocr_carea' id='block_1_4' title="bbox 174 3056 1409 3139">
    <p class='ocr_par' dir='ltr' id='par_1_4' title="bbox 174 3056 1409 3139">
     <span class='ocr_line' id='line_1_24' title="bbox 174 3056 1409 3139; baseline -0.001 -19"><span class='ocrx_word' id='word_1_191' title='bbox 174 3060 177 3068; x_wconf 88' lang='lat'>&#39;</span> <span class='ocrx_word' id='word_1_192' title='bbox 280 3056 426 3139; x_wconf 86' lang='lat' dir='ltr'><strong>principio</strong></span> <span class='ocrx_word' id='word_1_193' title='bbox 449 3057 603 3121; x_wconf 82' lang='lat' dir='ltr'><strong>severiore</strong></span> <span class='ocrx_word' id='word_1_194' title='bbox 624 3063 654 3119; x_wconf 88' lang='lat' dir='ltr'><strong>at</strong></span> <span class='ocrx_word' id='word_1_195' title='bbox 675 3057 816 3139; x_wconf 86' lang='lat' dir='ltr'><strong>graviora</strong></span> <span class='ocrx_word' id='word_1_196' title='bbox 837 3073 943 3119; x_wconf 86' lang='lat' dir='ltr'><strong>vocum</strong></span> <span class='ocrx_word' id='word_1_197' title='bbox 973 3073 1050 3119; x_wconf 86' lang='lat' dir='ltr'><strong>sono</strong></span> <span class='ocrx_word' id='word_1_198' title='bbox 1077 3065 1212 3134; x_wconf 92' lang='lat' dir='ltr'><strong>utantur,</strong></span> <span class='ocrx_word' id='word_1_199' title='bbox 1240 3057 1354 3119; x_wconf 88' lang='lat' dir='ltr'><strong>cultura</strong></span> <span class='ocrx_word' id='word_1_200' title='bbox 1378 3063 1409 3119; x_wconf 88' lang='lat' dir='ltr'><strong>et</strong></span> 
     </span>
    </p>
   </div>
   <div class='ocr_carea' id='block_1_5' title="bbox 256 3167 1475 4255">
    <p class='ocr_par' dir='ltr' id='par_1_5' title="bbox 256 3167 1475 4255">
     <span class='ocr_line' id='line_1_25' title="bbox 280 3167 1410 3250; baseline -0.001 -19"><span class='ocrx_word' id='word_1_201' title='bbox 280 3168 459 3232; x_wconf 90' lang='lat' dir='ltr'><strong>commercio</strong></span> <span class='ocrx_word' id='word_1_202' title='bbox 481 3172 661 3250; x_wconf 73' lang='lat' dir='ltr'><strong>augescente</strong></span> <span class='ocrx_word' id='word_1_203' title='bbox 683 3168 827 3230; x_wconf 88' lang='lat' dir='ltr'><strong>maiorem</strong></span> <span class='ocrx_word' id='word_1_204' title='bbox 853 3168 884 3230; x_wconf 93' lang='lat' dir='ltr'><strong>iu</strong></span> <span class='ocrx_word' id='word_1_205' title='bbox 912 3168 957 3231; x_wconf 89' lang='lat' dir='ltr'><strong>eis</strong></span> <span class='ocrx_word' id='word_1_206' title='bbox 987 3168 1171 3231; x_wconf 86' lang='lat' dir='ltr'><strong>invalescere</strong></span> <span class='ocrx_word' id='word_1_207' title='bbox 1199 3167 1410 3231; x_wconf 77' lang='lat' dir='ltr'><strong>volubilitatem</strong></span> 
     </span>
     <span class='ocr_line' id='line_1_26' title="bbox 280 3278 1412 3364; baseline -0.001 -21"><span class='ocrx_word' id='word_1_208' title='bbox 280 3278 500 3360; x_wconf 77' lang='lat' dir='ltr'><strong>lenitatemque,</strong></span> <span class='ocrx_word' id='word_1_209' title='bbox 520 3278 561 3359; x_wconf 89' lang='lat' dir='ltr'><strong>id,</strong></span> <span class='ocrx_word' id='word_1_210' title='bbox 583 3287 616 3340; x_wconf 96' lang='lat' dir='ltr'><strong>ut</strong></span> <span class='ocrx_word' id='word_1_211' title='bbox 635 3279 665 3341; x_wconf 95' lang='lat' dir='ltr'><strong>in</strong></span> <span class='ocrx_word' id='word_1_212' title='bbox 687 3287 790 3344; x_wconf 87' lang='lat' dir='ltr'><strong>nostra</strong></span> <span class='ocrx_word' id='word_1_213' title='bbox 814 3287 845 3344; x_wconf 87' lang='lat' dir='ltr'><strong>et</strong></span> <span class='ocrx_word' id='word_1_214' title='bbox 866 3279 1028 3362; x_wconf 80' lang='lat' dir='ltr'><strong>praecipue</strong></span> <span class='ocrx_word' id='word_1_215' title='bbox 1049 3279 1191 3343; x_wconf 85' lang='lat' dir='ltr'><strong>inlatina</strong></span> <span class='ocrx_word' id='word_1_216' title='bbox 1214 3278 1314 3364; x_wconf 86' lang='lat' dir='ltr'><strong>lingua</strong></span> <span class='ocrx_word' id='word_1_217' title='bbox 1336 3297 1412 3362; x_wconf 87' lang='lat' dir='ltr'><strong>per-</strong></span> 
     </span>
     <span class='ocr_line' id='line_1_27' title="bbox 279 3389 1408 3472; baseline -0.001 -19"><span class='ocrx_word' id='word_1_218' title='bbox 279 3391 416 3472; x_wconf 89' lang='lat' dir='ltr'><strong>spicitur,</strong></span> <span class='ocrx_word' id='word_1_219' title='bbox 436 3392 475 3454; x_wconf 89' lang='lat' dir='ltr'><strong>ita</strong></span> <span class='ocrx_word' id='word_1_220' title='bbox 498 3392 583 3455; x_wconf 89' lang='lat' dir='ltr'><strong>etiam</strong></span> <span class='ocrx_word' id='word_1_221' title='bbox 606 3389 684 3471; x_wconf 92' lang='lat' dir='ltr'><strong>apud</strong></span> <span class='ocrx_word' id='word_1_222' title='bbox 707 3390 843 3454; x_wconf 86' lang='lat' dir='ltr'><strong>Graecos</strong></span> <span class='ocrx_word' id='word_1_223' title='bbox 865 3390 1006 3455; x_wconf 89' lang='lat' dir='ltr'><strong>latissime</strong></span> <span class='ocrx_word' id='word_1_224' title='bbox 1028 3392 1162 3472; x_wconf 90' lang='lat' dir='ltr'><strong>patuisse</strong></span> <span class='ocrx_word' id='word_1_225' title='bbox 1184 3390 1408 3454; x_wconf 82' lang='lat' dir='ltr'><strong>existimandum</strong></span> 
     </span>
     <span class='ocr_line' id='line_1_28' title="bbox 280 3500 1411 3586; baseline 0.001 -22"><span class='ocrx_word' id='word_1_226' title='bbox 280 3508 336 3565; x_wconf 87' lang='lat' dir='ltr'><strong>est.</strong></span> <span class='ocrx_word' id='word_1_227' title='bbox 358 3500 421 3564; x_wconf 91' lang='lat' dir='ltr'><strong>Jam</strong></span> <span class='ocrx_word' id='word_1_228' title='bbox 443 3522 499 3586; x_wconf 88' lang='lat' dir='ltr'><strong>qua</strong></span> <span class='ocrx_word' id='word_1_229' title='bbox 521 3520 600 3566; x_wconf 92' lang='lat' dir='ltr'><strong>nunc</strong></span> <span class='ocrx_word' id='word_1_230' title='bbox 621 3501 715 3565; x_wconf 81' lang='lat' dir='ltr'><strong>forma</strong></span> <span class='ocrx_word' id='word_1_231' title='bbox 737 3510 807 3566; x_wconf 90' lang='lat' dir='ltr'><strong>sunt</strong></span> <span class='ocrx_word' id='word_1_232' title='bbox 829 3504 956 3566; x_wconf 91' lang='lat' dir='ltr'><strong>carmina</strong></span> <span class='ocrx_word' id='word_1_233' title='bbox 979 3503 1133 3566; x_wconf 86' lang='lat' dir='ltr'><strong>Homerica</strong></span> <span class='ocrx_word' id='word_1_234' title='bbox 1145 3502 1325 3567; x_wconf 85' lang='lat' dir='ltr'><strong>lectitantem</strong></span> <span class='ocrx_word' id='word_1_235' title='bbox 1337 3502 1411 3565; x_wconf 82' lang='lat' dir='ltr'><strong>eiiu-</strong></span> 
     </span>
     <span class='ocr_line' id='line_1_29' title="bbox 280 3613 1417 3700; baseline 0.001 -25"><span class='ocrx_word' id='word_1_236' title='bbox 280 3630 357 3697; x_wconf 86' lang='lat' dir='ltr'><strong>gere</strong></span> <span class='ocrx_word' id='word_1_237' title='bbox 379 3616 490 3696; x_wconf 83' lang='lat' dir='ltr'><strong>nequit,</strong></span> <span class='ocrx_word' id='word_1_238' title='bbox 512 3634 647 3700; x_wconf 89' lang='lat' dir='ltr'><strong>magnam</strong></span> <span class='ocrx_word' id='word_1_239' title='bbox 668 3616 746 3678; x_wconf 89' lang='lat' dir='ltr'><strong>iuter</strong></span> <span class='ocrx_word' id='word_1_240' title='bbox 766 3613 842 3677; x_wconf 92' lang='lat' dir='ltr'><strong>banc</strong></span> <span class='ocrx_word' id='word_1_241' title='bbox 863 3621 894 3677; x_wconf 90' lang='lat' dir='ltr'><strong>et</strong></span> <span class='ocrx_word' id='word_1_242' title='bbox 915 3615 1091 3696; x_wconf 87' lang='lat' dir='ltr'><strong>posterioris</strong></span> <span class='ocrx_word' id='word_1_243' title='bbox 1102 3617 1208 3679; x_wconf 89' lang='lat' dir='ltr'><strong>aetatis</strong></span> <span class='ocrx_word' id='word_1_244' title='bbox 1220 3615 1348 3698; x_wconf 86' lang='lat' dir='ltr'><strong>linguam</strong></span> <span class='ocrx_word' id='word_1_245' title='bbox 1363 3616 1417 3677; x_wconf 87' lang='lat' dir='ltr'><strong>in-</strong></span> 
     </span>
     <span class='ocr_line' id='line_1_30' title="bbox 281 3724 1412 3809; baseline 0.003 -22"><span class='ocrx_word' id='word_1_246' title='bbox 281 3724 453 3789; x_wconf 87' lang='lat' dir='ltr'><strong>tercedere</strong></span> <span class='ocrx_word' id='word_1_247' title='bbox 468 3725 670 3790; x_wconf 84' lang='lat' dir='ltr'><strong>differentiam.</strong></span> <span class='ocrx_word' id='word_1_248' title='bbox 715 3725 809 3799; x_wconf 79' lang='lat' dir='ltr'><strong>Quam</strong></span> <span class='ocrx_word' id='word_1_249' title='bbox 835 3726 957 3809; x_wconf 89' lang='lat' dir='ltr'><strong>linguae</strong></span> <span class='ocrx_word' id='word_1_250' title='bbox 986 3728 1173 3790; x_wconf 87' lang='lat' dir='ltr'><strong>mutationem</strong></span> <span class='ocrx_word' id='word_1_251' title='bbox 1202 3727 1355 3809; x_wconf 92' lang='lat' dir='ltr'><strong>plurimum</strong></span> <span class='ocrx_word' id='word_1_252' title='bbox 1383 3728 1412 3791; x_wconf 91' lang='lat' dir='ltr'><strong>iu</strong></span> 
     </span>
     <span class='ocr_line' id='line_1_31' title="bbox 283 3836 1414 3920; baseline 0.004 -21"><span class='ocrx_word' id='word_1_253' title='bbox 283 3836 455 3918; x_wconf 89' lang='lat' dir='ltr'><strong>prosodiam</strong></span> <span class='ocrx_word' id='word_1_254' title='bbox 477 3838 607 3914; x_wconf 82' lang='lat' dir='ltr'><strong>valuisse</strong></span> <span class='ocrx_word' id='word_1_255' title='bbox 642 3837 725 3901; x_wconf 90' lang='lat' dir='ltr'><strong>credi</strong></span> <span class='ocrx_word' id='word_1_256' title='bbox 749 3836 849 3900; x_wconf 87' lang='lat' dir='ltr'><strong>debet.</strong></span> <span class='ocrx_word' id='word_1_257' title='bbox 892 3839 966 3901; x_wconf 88' lang='lat' dir='ltr'><strong>Nam</strong></span> <span class='ocrx_word' id='word_1_258' title='bbox 989 3857 1078 3920; x_wconf 81' lang='lat' dir='ltr'><strong>quum</strong></span> <span class='ocrx_word' id='word_1_259' title='bbox 1107 3847 1138 3902; x_wconf 89' lang='lat' dir='ltr'><strong>ct</strong></span> <span class='ocrx_word' id='word_1_260' title='bbox 1164 3839 1272 3901; x_wconf 88' lang='lat' dir='ltr'><strong>multae</strong></span> <span class='ocrx_word' id='word_1_261' title='bbox 1294 3839 1414 3903; x_wconf 84' lang='lat' dir='ltr'><strong>vocales</strong></span> 
     </span>
     <span class='ocr_line' id='line_1_32' title="bbox 285 3947 1415 4032; baseline 0.005 -21"><span class='ocrx_word' id='word_1_262' title='bbox 285 3956 391 4012; x_wconf 85' lang='lat' dir='ltr'><strong>natura</strong></span> <span class='ocrx_word' id='word_1_263' title='bbox 412 3947 522 4032; x_wconf 87' lang='lat' dir='ltr'><strong>longae</strong></span> <span class='ocrx_word' id='word_1_264' title='bbox 552 3950 661 4014; x_wconf 89' lang='lat' dir='ltr'><strong>sensim</strong></span> <span class='ocrx_word' id='word_1_265' title='bbox 689 3950 914 4031; x_wconf 87' lang='lat' dir='ltr'><strong>corriperentur</strong></span> <span class='ocrx_word' id='word_1_266' title='bbox 943 3958 973 4014; x_wconf 93' lang='lat' dir='ltr'><strong>et</strong></span> <span class='ocrx_word' id='word_1_267' title='bbox 1000 3951 1109 4016; x_wconf 90' lang='lat' dir='ltr'><strong>multae</strong></span> <span class='ocrx_word' id='word_1_268' title='bbox 1139 3968 1310 4027; x_wconf 85' lang='lat' dir='ltr'><strong>consonae,</strong></span> <span class='ocrx_word' id='word_1_269' title='bbox 1337 3967 1415 4032; x_wconf 86' lang='lat' dir='ltr'><strong>quae</strong></span> 
     </span>
     <span class='ocr_line' id='line_1_33' title="bbox 256 4058 1416 4142; baseline 0.001 -19"><span class='ocrx_word' id='word_1_270' title='bbox 256 4129 259 4135; x_wconf 59' lang='grc'><strong>,</strong></span> <span class='ocrx_word' id='word_1_271' title='bbox 284 4058 435 4124; x_wconf 88' lang='lat' dir='ltr'><strong>rudiorem</strong></span> <span class='ocrx_word' id='word_1_272' title='bbox 458 4060 604 4142; x_wconf 87' lang='lat' dir='ltr'><strong>quendam</strong></span> <span class='ocrx_word' id='word_1_273' title='bbox 625 4079 729 4124; x_wconf 91' lang='lat' dir='ltr'><strong>sonum</strong></span> <span class='ocrx_word' id='word_1_274' title='bbox 752 4061 927 4126; x_wconf 86' lang='lat' dir='ltr'><strong>viderentur</strong></span> <span class='ocrx_word' id='word_1_275' title='bbox 949 4062 1058 4142; x_wconf 88' lang='lat' dir='ltr'><strong>cdere,</strong></span> <span class='ocrx_word' id='word_1_276' title='bbox 1080 4063 1286 4141; x_wconf 68' lang='lat' dir='ltr'><strong>afflicerentur,</strong></span> <span class='ocrx_word' id='word_1_277' title='bbox 1307 4063 1416 4127; x_wconf 88' lang='lat' dir='ltr'><strong>iactum</strong></span> 
     </span>
     <span class='ocr_line' id='line_1_34' title="bbox 292 4171 1475 4255; baseline 0.003 -22"><span class='ocrx_word' id='word_1_278' title='bbox 292 4178 341 4233; x_wconf 87' lang='lat' dir='ltr'><strong>est</strong></span> <span class='ocrx_word' id='word_1_279' title='bbox 362 4178 394 4234; x_wconf 89' lang='lat' dir='ltr'><strong>ut</strong></span> <span class='ocrx_word' id='word_1_280' title='bbox 415 4171 558 4255; x_wconf 76' lang='lat' dir='ltr'><strong>syllabae,</strong></span> <span class='ocrx_word' id='word_1_281' title='bbox 580 4190 657 4254; x_wconf 87' lang='lat' dir='ltr'><strong>quae</strong></span> <span class='ocrx_word' id='word_1_282' title='bbox 678 4171 799 4236; x_wconf 86' lang='lat' dir='ltr'><strong>Homeri</strong></span> <span class='ocrx_word' id='word_1_283' title='bbox 820 4180 917 4237; x_wconf 88' lang='lat' dir='ltr'><strong>aetate</strong></span> <span class='ocrx_word' id='word_1_284' title='bbox 938 4183 989 4238; x_wconf 90' lang='lat' dir='ltr'><strong>aut</strong></span> <span class='ocrx_word' id='word_1_285' title='bbox 1009 4175 1121 4239; x_wconf 77' lang='lat' dir='ltr'><strong>vocalis</strong></span> <span class='ocrx_word' id='word_1_286' title='bbox 1142 4184 1246 4239; x_wconf 90' lang='lat' dir='ltr'><strong>natura</strong></span> <span class='ocrx_word' id='word_1_287' title='bbox 1268 4182 1319 4238; x_wconf 89' lang='lat' dir='ltr'><strong>aut</strong></span> <span class='ocrx_word' id='word_1_288' title='bbox 1341 4175 1419 4237; x_wconf 91' lang='lat' dir='ltr'><strong>dua·</strong></span> <span class='ocrx_word' id='word_1_289' title='bbox 1472 4221 1475 4227; x_wconf 76' lang='grc'>.</span> 
     </span>
    </p>
   </div>
   <div class='ocr_carea' id='block_1_6' title="bbox 0 0 1605 4817">
    <p class='ocr_par' dir='ltr' id='par_1_6' title="bbox 0 0 1605 4817">
     <span class='ocr_line' id='line_1_35' title="bbox 0 0 1605 4817; baseline 0 0"><span class='ocrx_word' id='word_1_290' title='bbox 0 0 1605 4817; x_wconf 95' lang='lat' dir='ltr'><strong> </strong></span> 
     </span>
    </p>
   </div>
  </div>
 </body>
</html>
