3175 4817
834 295 876 361 ld

806 619 891 702 §.Cn

384 810 441 876 lum
463 829 537 875 uero
560 828 649 894 supra
671 808 799 874 (fiximus
825 828 884 873 non
913 816 980 873 anta
1008 824 1112 872 omues
1133 823 1243 885 voces,
1270 806 1325 870 sad
1347 810 1416 869 unte

284 930 397 987 certum
419 924 551 989 radicum
572 941 725 987 numerum
747 922 776 985 in
799 921 930 985 Homero
952 920 1063 984 breves
1086 918 1216 1002 syllabus
1229 917 1417 1000 dualespro-

281 1033 358 1100 duci.
402 1036 502 1112 Quare
532 1036 668 1117 quaestio
701 1040 840 1098 moretur
868 1051 937 1098 num
959 1032 1037 1097 forte
1057 1031 1126 1095 ntae
1147 1030 1266 1095 radices
1289 1028 1416 1110 antiquis

280 1147 468 1231 temporulrus
490 1167 507 1212 a
527 1147 605 1212 binis
627 1147 768 1211 consonis
787 1146 962 1229 inceperint.
983 1145 1066 1209 Hanc
1087 1148 1185 1208 sutem
1199 1142 1329 1208 radicum
1351 1141 1418 1206 lur-

281 1276 355 1322 mam
386 1261 414 1323 si
434 1278 470 1324 re
491 1277 563 1322 vera
584 1261 614 1323 iu
637 1260 773 1341 antiquae
796 1257 915 1342 linguae
937 1275 996 1321 usu
1017 1256 1113 1320 luisse
1135 1254 1281 1335 videmus,
1302 1255 1418 1335 exipsa

280 1370 416 1435 linarium
438 1370 615 1454 syllabarum
639 1370 836 1453 productione
858 1368 998 1451 sequitur,
1021 1386 1084 1431 earn
1111 1387 1210 1450 usque
1238 1367 1276 1433 ad
1299 1365 1417 1429 Homeri

280 1491 403 1547 aetatem
439 1485 594 1548 mansisse.
637 1483 750 1547 Verum
781 1500 870 1563 quum
901 1482 1066 1546 observare
1096 1481 1182 1545 liceat
1214 1488 1282 1544 aute
1312 1477 1417 1541 multus

282 1592 411 1670 radices,
433 1613 558 1677 quarum
580 1594 706 1660 irontem
731 1593 801 1657 olim
828 1592 944 1657 duabus
968 1594 1107 1655 consonis
1129 1593 1301 1656 instructam
1323 1589 1417 1653 luisse

279 1705 363 1762 certa
385 1700 462 1763 ratio
485 1697 587 1778 elficit,
615 1699 645 1761 iu
675 1696 854 1762 carrnimlrus
875 1696 1041 1782 lloprericis
1071 1693 1181 1760 breves
1204 1697 1334 1779 syllabas
1357 1708 1417 1764 tum

278 1809 405 1892 produci
427 1818 487 1874 tum
510 1816 663 1891 correptas
687 1826 821 1888 manere,
843 1807 1034 1872 statuendum
1059 1806 1177 1871 videtur
1198 1809 1319 1874 alteram
1342 1830 1420 1876 con·

279 1939 387 1987 sonam
410 1922 532 1985 Homeri
560 1928 660 1986 aetate
687 1921 794 1984 iamin
818 1938 855 1984 eo
878 1919 987 1998 fuisse,
1017 1926 1054 1988 ut
1072 1929 1275 1984 evanesceret.
1319 1924 1420 1997 Quare

286 2049 347 2095 uon
369 2032 458 2097 debet
480 2033 583 2096 mirum
605 2031 700 2096 videri
730 2030 812 2115 quod
841 2031 909 2095 illae
930 2031 1064 2108 radices,
1096 2030 1191 2112 qualis
1220 2052 1299 2098 nuuc
1320 2042 1420 2099 textrm

282 2152 346 2223 est,
375 2163 392 2207 a
422 2145 547 2227 simplici
577 2161 712 2210 consona
742 2144 898 2207 ordiuntur
904 2186 916 2220 ,
947 2161 1035 2225 quum
1065 2160 1125 2206 non
1147 2143 1266 2208 dubium
1287 2147 1327 2211 sit
1347 2148 1418 2228 quin

281 2255 378 2321 altera
400 2257 562 2320 litterarum
592 2255 741 2320 initialinrn
772 2257 828 2319 iam
850 2251 993 2318 Pisistrati
1015 2262 1149 2336 tempore
1178 2274 1196 2318 e
1218 2256 1317 2341 lingua
1339 2276 1418 2322 exu-
1504 2337 1506 2344 k

277 2367 392 2432 laverit.
436 2365 538 2449 ltaque
559 2368 692 2452 singulas
715 2368 779 2432 illas
801 2366 917 2430 radices
940 2366 1007 2429 olim
1030 2386 1047 2431 a
1071 2367 1146 2431 binis
1168 2369 1309 2432 consonis
1330 2370 1418 2434 inca·

277 2480 360 2562 pisse
385 2479 644 2544 demonstrandum
674 2480 739 2543 erit.
785 2479 850 2552 Qua
877 2479 906 2541 in
934 2497 970 2542 re
1001 2480 1039 2541 itu
1069 2497 1210 2563 agamus,
1242 2488 1274 2544 ut
1295 2481 1435 2563 primum-

279 2588 319 2655 de
340 2590 485 2670 vocibus,
507 2610 583 2673 quae
606 2610 622 2654 a
644 2590 770 2673 singulis
792 2591 931 2655 consonis
953 2598 1013 2654 tum
1036 2593 1123 2655 mutis
1145 2599 1205 2655 tum
1226 2592 1347 2673 liquidis
1368 2595 1417 2656 in-

278 2704 407 2780 cicant,
439 2702 639 2785 disputemus,
669 2701 778 2767 deinde
809 2702 847 2766 de
880 2703 925 2766 eis
948 2721 1090 2786 agamus,
1120 2721 1198 2785 quae
1229 2705 1363 2770 vocalem
1385 2706 1416 2768 in

284 2813 383 2878 fronte
404 2813 526 2878 habent.
836 2792 839 2798 ’

379 2924 440 2990 Sed
478 2935 635 3006 antequam
664 2925 702 2989 ad
736 2925 922 3008 propositum
963 2925 1192 3011 aggrediamur,
1238 2925 1417 2991 monendum

278 3043 323 3100 est
345 3035 450 3101 multas
473 3036 603 3120 syllabas
625 3038 655 3101 in
677 3038 763 3102 verbi
785 3037 914 3101 clausula
937 3040 1071 3121 positas,
1093 3056 1270 3120 quamquam
1292 3041 1321 3101 iu
1343 3038 1417 3102 bre-

276 3165 344 3212 vem
368 3150 560 3213 terminantur
581 3149 727 3228 vocalem,
740 3148 778 3214 'ei
801 3150 1005 3232 productionis
1027 3150 1145 3233 generi,
1168 3149 1287 3231 dequo
1310 3149 1416 3233 dispu-

276 3268 346 3324 tare
367 3261 396 3324 in
419 3263 516 3324 animo
540 3269 604 3339 ast,
634 3280 694 3325 non
716 3261 951 3326 adnumerandus
980 3280 1063 3326 esse.
1105 3261 1179 3325 llam
1202 3263 1324 3341 primurn
1347 3262 1418 3343 qui·

275 3371 342 3436 dem
364 3373 432 3437 illae
455 3373 608 3455 syllabae,
637 3374 667 3436 in
696 3373 804 3456 quibus
826 3374 983 3456 productio
1004 3373 1106 3437 brevis
1136 3371 1270 3455 syllabae
1301 3373 1418 3437 adiecto
1503 3445 1515 3464 ἱ

274 3504 292 3546 v
321 3483 400 3547 finali
423 3493 525 3568 potest
547 3484 694 3564 excusari,
724 3485 780 3548 hac
803 3484 899 3549 littera
921 3494 1043 3566 accepta
1067 3486 1133 3550 iure
1154 3483 1274 3570 longam
1298 3502 1419 3547 mensu·

272 3612 337 3658 ram
357 3596 490 3678 explent
522 3597 636 3660 Etenim
659 3614 737 3677 quua
757 3596 934 3676 Brunckius,
956 3596 1114 3661 Ernestius
1137 3605 1312 3671 statuerunt,
1333 3615 1409 3661 sua·

272 3705 341 3770 rius
363 3706 400 3771 ad
423 3726 511 3772 aures
535 3707 719 3772 Graecorum
742 3707 900 3787 accidisse,
933 3710 959 3773 si
981 3707 1046 3772 sola
1069 3727 1213 3773 caesurae
1236 3725 1294 3789 ope
1315 3708 1411 3792 syllo-

210 3875 214 3884 .
271 3816 330 3883 bae
366 3818 530 3900 productae
559 3826 680 3901 essent,
713 3827 747 3884 ut
776 3819 833 3894 Od.
871 3820 894 3902 β
933 3814 996 3886 166
1024 3811 1190 3887 πάντεσσι·
1226 3810 1341 3888 atram
1375 3840 1410 3888 ra

271 3926 330 3995 καὶ
356 3920 486 3998 ἄλλοισι
512 3918 608 3998 surda
636 3923 745 4008 ἔσται,
774 3932 852 3998 haec
878 3937 962 4000 corte
990 3932 1099 3998 neurim
1129 3931 1249 4014 placare
1275 3939 1409 4015 possunt

271 4041 330 4109 Sed
351 4043 535 4107 Hermunnus
563 4043 594 4106 in
623 4060 662 4108 eo
693 4044 768 4107 libro
790 4062 879 4126 quern
909 4042 948 4107 de
970 4042 1153 4108 emendanda
1174 4045 1290 4111 radone
1312 4045 1411 4110 Grae·

271 4170 326 4218 cae
358 4154 566 4237 mammaticae
598 4154 776 4239 conscripsit
807 4154 852 4236 (ἕ.
883 4149 939 4238 5),
972 4154 1029 4220 lrac
1059 4153 1157 4221 littera
1187 4157 1283 4238 posita
1315 4162 1411 4221 metro
