3175 4817
812 357 843 401 Vi

265 510 372 605 Atque
399 510 483 582 hunc
517 508 660 584 libellum
696 515 760 584 iam
796 510 892 607 plane
926 510 1132 584 confeceram
1158 520 1191 583 et
1216 515 1300 610 tppis
1326 533 1392 584 ex-

261 654 433 727 pressurus
468 655 580 723 eram,
614 655 709 728 quum
737 631 975 707 Winiewskius
1001 632 1198 706 Academiae
1222 631 1393 707 Monastc-

261 755 377 827 riensis
403 753 570 849 professor
607 757 847 846 meritissimus,
883 777 935 826 me
963 757 1136 826 certiorem
1162 753 1239 825 iecit
1264 762 1393 827 exstare

263 876 434 967 egregium
485 875 669 947 Hoffmanni
713 875 828 948 librum
873 877 1098 965 Quaestionum
1145 874 1392 948 Homericarum

262 995 329 1083 Quo
371 994 455 1068 iihro
497 1000 629 1089 cognito
673 997 768 1071 video
810 997 906 1069 multa
947 996 1173 1068 Hoffmaunum
1214 999 1277 1067 iam
1320 1006 1393 1068 ante

261 1116 430 1191 nonnullos
456 1139 558 1191 annos
585 1117 750 1207 docuisse,
783 1141 865 1214 quae
900 1121 1035 1214 primum
1062 1141 1115 1189 me
1140 1120 1303 1191 invenisse
1328 1139 1393 1212 pu-

261 1241 336 1309 taui.
376 1237 482 1309 Multis
510 1248 615 1311 tamen
641 1242 674 1312 iu
700 1239 798 1315 rebus
825 1264 845 1312 a
872 1242 942 1312 viro
975 1238 1070 1310 docto
1097 1261 1149 1311 me
1176 1239 1296 1313 distare
1322 1237 1392 1311 lec·

261 1367 349 1433 tores
376 1358 474 1431 facile
499 1360 688 1454 intelligent
715 1360 765 1433 Ab
792 1361 985 1433 Hoffmanno
1012 1363 1097 1432 enim
1123 1369 1291 1456 peccatum
1318 1381 1393 1433 esse

262 1479 386 1552 videtur
412 1478 535 1554 duabus
563 1505 605 1553 ex
632 1485 747 1554 causis.
773 1481 827 1554 Ac
852 1485 953 1579 prima
980 1481 1108 1577 quidem
1135 1481 1189 1553 illa
1216 1480 1394 1576 estquod,

263 1624 357 1697 quum
384 1600 425 1673 ab
452 1603 613 1693 utonem,
648 1606 700 1699 qui
726 1602 798 1678 finis
824 1606 1019 1700 quaestionis
1047 1600 1142 1674 debet
1168 1626 1262 1693 esse,
1288 1623 1394 1674 exor-

263 1721 348 1794 dium
375 1726 494 1819 capiat‚
520 1726 552 1793 in
580 1723 691 1796 orbem
719 1729 809 1821 quasi
837 1728 942 1816 agitur
969 1734 1000 1794 et
1026 1733 1199 1820 praecepta
1217 1723 1269 1796 dat
1289 1725 1394 1816 magis

262 1849 467 1939 excogitata,
493 1867 586 1941 quam
614 1845 728 1920 solidis
753 1848 951 1939 argumentis
977 1844 1202 1918 demonstrata.
1242 1845 1324 1917 Nam
1351 1867 1395 1916 ex

261 1964 520 2062 productionibus
554 1969 632 2063 ipsis
667 1966 760 2039 efficit
794 1988 894 2040 vocas
926 1966 997 2038 illas
1028 1965 1170 2065 syllabas
1196 1970 1395 2064 excipientes

261 2087 393 2159 Homeri
421 2097 566 2184 tempore
594 2087 715 2161 duabus
742 2092 774 2159 in
801 2088 907 2160 fronte
926 2092 1075 2163 consonis
1093 2093 1264 2163 instructas
1281 2088 1396 2177 fuisse,

262 2231 356 2303 quum
392 2231 463 2280 mea
498 2209 625 2305 quidem
658 2214 816 2284 sententia
849 2213 986 2306 primum
1021 2210 1093 2282 illas
1119 2233 1221 2283 voces
1248 2233 1286 2281 re
1313 2232 1395 2281 vcra

261 2331 394 2425 antiquis
421 2329 619 2425 temporibus
646 2354 666 2402 a
692 2329 774 2404 binis
801 2333 952 2404 consonis
978 2333 1137 2428 incepisse
1164 2331 1394 2404 demonstrau-

261 2451 334 2522 dum
361 2460 393 2523 et
419 2460 483 2522 turn
519 2450 646 2523 demum
683 2476 726 2525 ex
759 2451 1019 2548 productionibus
1054 2451 1199 2527 adhibitis
1233 2466 1396 2526 consonas

260 2570 396 2646 initiales
412 2572 545 2645 Homeri
571 2584 678 2646 aetate
704 2577 850 2671 viguisse
876 2572 1130 2646 concludendum
1158 2584 1256 2648 esset
1282 2573 1396 2646 Altera

261 2716 359 2767 causa
387 2704 448 2785 est,
475 2694 572 2791 quod,
598 2718 691 2791 quum
719 2699 771 2767 via
800 2719 839 2767 ac
865 2698 990 2767 ratione
1006 2694 1187 2791 procedere
1208 2693 1268 2768 sihi
1294 2694 1394 2766 vide-

261 2824 323 2906 tur,
347 2817 380 2887 in
407 2819 615 2909 grammatica
643 2820 861 2913 comparativa
888 2838 951 2888 nou
977 2819 1055 2899 satis
1077 2819 1327 2913 circumspectus
1355 2811 1396 2885 ad

260 2940 450 3012 seutentiam
479 2936 609 3011 alterius
635 2959 848 3010 consonarum
876 2941 1015 3011 amissae
1034 2937 1283 3010 confirmandam
1311 2958 1396 3010 sae-

260 3061 394 3155 pissime
419 3080 462 3129 ex
497 3061 644 3151 cognatis
669 3059 786 3153 linguis
821 3059 944 3131 formas
977 3069 1009 3130 ct
1043 3080 1146 3133 voces
1178 3060 1277 3154 petit,
1311 3077 1397 3152 quae

261 3202 332 3252 cum
359 3178 496 3253 Graecis
522 3184 702 3276 comparari
728 3183 858 3252 omnino
884 3190 1055 3277 nequeunt.
1096 3177 1271 3276 Comparat
1297 3182 1398 3266 enim,

262 3309 294 3372 ut
319 3299 470 3397 exemplo
497 3310 585 3387 utar,
616 3313 770 3399 λίσσομαι
805 3325 877 3373 cum
911 3300 1011 3374 verbo
1037 3301 1212 3375 'thiudisca
1237 3300 1399 3395 „gieitetd

262 3415 310 3520 (ἕ.
322 3420 384 3512 86,
410 3414 491 3520 2a),
516 3430 608 3520 λιγύς
630 3446 701 3495 cum
722 3423 833 3496 Thiud.
860 3421 1020 3516 „diega”
1046 3417 1095 3523 (ἕ.
1109 3421 1158 3496 86
1189 3420 1269 3521 111),
1299 3430 1397 3518 μελίη

262 3565 335 3616 ouum
363 3540 711 3637 uniat.„tqa1etpa⁴⁴
748 3538 834 3640 (88,
864 3535 946 3640 la),
979 3550 1088 3639 μάθος
1120 3566 1193 3616 cum
1219 3542 1396 3617 Gothorum

261 3664 422 3737 smeithau
450 3659 645 3763 (idedeina)
672 3662 750 3764 (88,
779 3661 855 3762 1d).

363 3837 521 3934 Equidem
548 3844 666 3910 cavia
693 3836 966 3935 progrediendum
992 3860 1068 3914 esse
1102 3839 1229 3934 putavi,
1264 3847 1298 3910 ut
1322 3835 1395 3932 pri-

263 3981 347 4031 mum
383 3963 416 4031 in
452 3980 515 4031 uno
556 3968 729 4056 conspectu
764 3953 919 4056 ponerem
961 3963 1086 4055 copiam
1121 3981 1232 4031 earum
1268 3974 1396 4038 vocum,

262 4103 394 4177 quarum
413 4080 552 4153 irontem
578 4080 719 4152 litteram
739 4088 792 4152 aut
819 4079 955 4151 alteram
982 4089 1035 4152 aut
1061 4089 1226 4176 utramque
1248 4079 1396 4153 amisisse

262 4224 309 4278 ex
334 4201 543 4278 dialectorum
571 4225 629 4278 usu
663 4204 941 4299 grammaticaque
976 4204 1193 4302 comparativa
1220 4201 1303 4276 effici
1327 4216 1394 4300 po-
