3175 4817
743 342 784 412 27

299 518 356 584 iarn
383 538 457 584 vero
487 537 581 584 voces
609 520 784 583 Homericae
814 510 965 603 ἰοδνεφής
993 524 1023 580 et
1051 505 1206 602 δνοφερός
1234 515 1334 578 mani-

196 632 274 697 feste
295 632 455 697 ostendunt
472 631 601 695 frontem
622 631 728 695 radicis
749 629 863 693 duabus
885 630 1025 693 consonis
1040 631 1207 693 instructam
1229 627 1331 692 fuisso.

195 745 295 826 Atque
325 744 373 808 ille
401 744 546 808 adiecliva
575 753 737 826 propterea
770 742 899 806 frontem
928 743 1072 825 integram
1101 741 1260 804 retinuisse
1281 741 1332 803 vi·

196 855 322 934 dentur,
359 856 441 937 quod
471 876 489 921 e
520 856 696 939 posterioris
733 855 852 939 linguae
881 871 938 919 usu
965 860 1157 917 evanuerant.
1199 854 1331 937 Linguae

195 976 339 1051 cognatae
362 966 469 1031 multae
483 964 638 1049 quidemd
658 969 840 1043 abiecerunt,
862 973 894 1026 ut
916 962 974 1029 Sol.
995 952 1145 1042 ,‚nab‘as“‚
1165 963 1228 1026 Lat.
1250 980 1332 1041 „nu-

195 1077 291 1158 bes“‚'
313 1078 417 1142 Thiud.
446 1080 584 1160 antiquae
615 1080 720 1142 aetatis
742 1075 888 1158 „nepal“3
918 1094 1019 1138 verum
1041 1076 1212 1138 Lithuanicn
1235 1073 1330 1153 „deb-

198 1188 302 1254 besis“
331 1197 363 1253 el
379 1190 489 1253 Lettica
512 1187 665 1268 ,‚debbes“
686 1212 703 1253 ν
724 1192 821 1254 eiecto
844 1189 862 1251 d
884 1189 1073 1251 retinuerunt.

283 1380 313 1445 2.
337 1382 429 1444 Nlo.
535 1377 536 1381 ’

345 1518 379 1591 a)
400 1505 507 1603 νιφιῖς.
550 1517 580 1579 ll.
609 1537 629 1600 y
657 1517 721 1582 222
749 1509 831 1579 ἔπεα
859 1505 1066 1601 νιφάδεσσιν,
1099 1534 1125 1593 μ
1154 1511 1219 1576 278
1248 1497 1331 1575 ὥστε

400 1619 546 1712 νιφάδες.
586 1627 589 1636 ’
803 1615 804 1618 “

345 1739 378 1815 1))
399 1730 533 1828 νιφὸεις.
576 1741 607 1805 ll.
629 1741 658 1804 o
680 1738 744 1803 385
765 1728 833 1804 ὑπὸ
854 1728 1018 1824 νιφόεντα,
1048 1734 1104 1798 od.
1127 1755 1147 1797 τ
1168 1732 1232 1798 338
1255 1723 1333 1817 ὄρεα

402 1841 561 1937 νιφόεντα.

346 1956 379 2043 c)
403 1954 584 2050 οἷμοίινιφος.
627 1961 656 2027 ii.
687 1984 709 2026 α
738 1963 821 2041 120,
849 1980 870 2026 o
894 1957 966 2024 186.
1011 1959 1133 2023 constat
1159 1957 1331 2021 adiectivum

331 2054 332 2057 Ἴ
402 2064 525 2157 excipe
552 2111 584 2122 -
613 2082 683 2145 (non
707 2066 787 2159 ἄγαν
808 2073 846 2138 ci.
869 2061 1061 2156 α’φάκλντος)
1085 2078 1114 2133 et
1134 2065 1238 2156 νῖφος.

220 2223 225 2234 ·
299 2192 455 2275 Nunquam
485 2193 598 2276 syllaba
628 2195 730 2258 brevis
761 2202 829 2258 ante
851 2193 905 2258 has
928 2210 1019 2257 voces
1042 2192 1193 2268 cernitur,
1222 2190 1331 2271 quippe

197 2321 275 2386 quae
311 2304 375 2385 ipsa
412 2324 429 2369 a
468 2304 582 2370 duabus
610 2306 752 2370 brevibus
782 2306 931 2369 inchoent.
976 2302 1129 2385 Duplicem
1162 2319 1333 2381 consonam,

198 2432 285 2497 quam
308 2414 407 2481 Latino
431 2435 552 2499 quoque
574 2418 675 2503 lingna
697 2419 806 2496 amisit,
827 2418 946 2481 retinuit
968 2415 1191 2480 'lhiudiscarum
1212 2413 1333 2498 lingua-

196 2544 263 2591 rum
290 2528 395 2610 stirps,
431 2536 463 2593 ut
492 2530 615 2594 Gothico
643 2529 801 2609 „snaivs“,
836 2529 995 2593 Thiudiace
1024 2528 1100 2592 med.
1130 2535 1186 2591 aet
1214 2522 1332 2604 „sneo“

198 2632 296 2720 (Gen,
311 2645 461 2718 soenes),
483 2649 543 2705 turn
564 2641 734 2706 Lithuanica
756 2641 916 2725 „sneqaa“.
945 2725 949 2732 ‚

283 2805 313 2875 3.
335 2802 454 2899 νύμφη.

349 2991 350 2996 ι
403 2948 501 3029 occ
532 2951 593 3015 ιον
619 2951 659 3036 ep
688 2947 724 3016 ιι
748 2950 782 3014 ι’
805 2940 876 3033 ἅμα
905 2942 1063 3037 Νύμφαι,
1090 2968 1103 3011 ι
1135 2948 1197 3012 ιιι
1226 2928 1331 3032 ὦρσαν

404 3057 441 3126 δὲ
464 3050 613 3149 Νύμφαι,
635 3062 665 3127 ΙΙ.
689 3060 710 3142 ξ
733 3061 793 3128 103
816 3049 852 3127 ὃν
872 3047 937 3148 ἄρα
959 3051 1094 3149 Νύμφη.
1137 3058 1196 3126 Sed
1218 3057 1332 3142 syllaba

403 3176 584 3239 antecedens
606 3194 699 3259 saepe
722 3176 889 3255 corripitur.

300 3301 466 3367 Ahrcnsius
488 3312 568 3386 putat
595 3305 653 3368 hoc
680 3306 892 3369 substantivum
915 3302 1050 3367 eiusdem
1077 3301 1177 3383 stirpis
1206 3315 1333 3363 esseae

197 3407 312 3499 νέφος,·
340 3414 395 3479 sed
418 3418 519 3499 opinio
540 3416 668 3498 Benfcyi
689 3416 722 3482 ll.
747 3415 810 3482 180
831 3418 926 3502 magis
949 3415 1099 3497 probanda
1121 3412 1251 3489 videtur,
1282 3408 1333 3491 qui

197 3526 325 3590 radicem
346 3529 602 3612 vocis'comparat
624 3548 689 3593 curn
712 3529 870 3593 'l'biudisce
898 3527 992 3591 icrma
1015 3524 1218 3609 „knuph-jan“
1241 3520 1333 3605 (nec--

197 3644 283 3710 tere).
326 3640 460 3703 Latinum
482 3660 602 3724 quoque
624 3640 750 3704 verbum
773 3638 894 3722 ,‚nubo“
923 3640 1081 3723 vestigium
1104 3637 1236 3700 abiectae
1256 3654 1333 3699 con·

199 3767 294 3816 sonae
316 3754 462 3834 praebere
485 3754 691 3817 Lachmannus
723 3752 778 3827 (ad
800 3755 917 3817 lucret.
942 3771 970 3833 p.
995 3750 1071 3826 136)
1102 3768 1142 3814 ex
1164 3751 1260 3814 multis
1282 3767 1333 3811 ar-

199 3865 347 3947 gumentis
371 3864 602 3947 dernonstravit3
624 3884 691 3928 narn
713 3865 794 3946 quod
817 3865 997 3928 Corssenius
1019 3862 1038 3926 l.
1068 3882 1099 3946 p.
1128 3862 1169 3928 13
1199 3858 1334 3925 animad-

195 3975 294 4053 vertit,
316 3974 443 4039 frontem
466 3997 484 4042 a
506 3977 620 4040 duabus
642 3978 783 4041 consonis
807 3977 971 4041 ordientern
989 3975 1250 4060 proptereastatui
1271 3990 1357 4036 non·

199 4103 303 4169 posse,
325 4087 404 4169 quod
426 4088 455 4150 in
478 4088 612 4173 cognatis
635 4088 758 4152 vocibus
775 4083 882 4175 νέφος,
904 4090 1006 4164 nabes,
1030 4089 1201 4171 quibuscum
1222 4077 1333 4172 νύμφη

197 4198 369 4277 cohaereat,
390 4216 540 4281 nunquam
563 4201 639 4264 duae
661 4219 812 4265 consonae
834 4204 1062 4286 conspiciantur,
1082 4218 1142 4263 nou
1157 4217 1259 4264 veram
1273 4216 1333 4262 vo-
