3175 4817
819 277 840 341 2

260 448 423 513 Homerum
445 446 605 531 viguerunt
625 446 812 527 locutiones,
837 447 996 531 inquibus
1018 449 1067 513 illa
1088 449 1203 514 heroici
1224 465 1333 513 versus
1355 447 1396 511 li-

262 561 358 624 centia
380 566 523 641 apparet,
545 559 714 643 congessit3
745 558 803 624 sed
826 559 934 642 quibus
963 562 1094 627 terminis
1122 569 1182 625 tum
1205 578 1309 624 munus
1331 558 1396 624 eius

261 680 326 750 erat
348 672 617 752 circumscriptum,
639 671 757 756 singula
778 690 840 735 non
866 680 923 736 tam
945 681 1139 753 pertractare,
1161 691 1248 755 quam
1271 690 1397 735 enume-

260 802 329 847 rare
351 784 455 866 potuit
498 782 613 846 Deinde
634 784 806 865 Spitznerus
837 783 875 846 de
895 784 952 847 bac
974 784 1249 876 quaestionebeue
1272 783 1395 847 meritus

262 903 324 976 est,
354 894 433 977 quod
456 894 485 956 in
506 893 582 957 libro
605 912 694 977 quern
717 894 755 958 dc
783 913 875 958 versu
905 896 1030 960 heroico
1059 896 1192 978 scripsit,
1222 896 1396 960 Homericos

260 1007 344 1071 locos
377 1007 426 1070 illa
457 1006 625 1070 difficultate
654 1007 822 1070 laborantes
852 1015 884 1070 ut
913 1008 1022 1090 optime
1051 1007 1194 1092 iungendi
1223 1007 1396 1072 videbantur

260 1120 428 1203 composuit
450 1118 598 1199 multaque
621 1118 660 1182 de
683 1119 813 1182 iis'sclte
835 1126 864 1182 et
886 1118 975 1183 docte
998 1120 1149 1183 disseruit.

785 1321 817 1391 ς.
841 1310 872 1379 2.

363 1454 473 1516 Verum
495 1453 606 1516 nostris
628 1453 813 1535 temporibus
843 1472 932 1535 quum
963 1453 1061 1517 multis
1090 1452 1182 1533 locis,
1211 1427 1319 1534 quibus
1345 1434 1394 1515 illa

261 1565 375 1629 heroici
397 1582 505 1629 versus
526 1565 644 1629 licentia
667 1566 840 1659 apparebat,
861 1565 1027 1629 remedium
1043 1565 1159 1628 allatum
1172 1564 1220 1641 sit,
1243 1565 1312 1628 mihi
1335 1565 1395 1627 du-

260 1678 341 1742 bium
370 1696 429 1741 uon
460 1677 589 1755 videtur,
617 1677 686 1759 quin
716 1677 782 1742 illas
813 1677 941 1761 syllabas
964 1678 993 1739 in
1024 1678 1201 1741 carminibus
1230 1677 1394 1741 Homericis

261 1808 377 1853 summo
399 1791 465 1853 iure
487 1790 643 1873 longarum
667 1788 732 1852 vice
755 1788 840 1873 fungi
863 1790 958 1871 possit
980 1788 1183 1854 demonstrari.
1221 1790 1390 1870 Priusquam

262 1910 359 1966 autem
381 1901 419 1964 ad
442 1902 518 1965 bano
539 1919 603 1964 rem
624 1900 809 1979 accedamus,
832 1901 1019 1982 aproposito
1033 1910 1138 1966 nostro
1153 1920 1213 1965 non
1229 1902 1394 1965 abhorrere

262 2013 380 2077 videtur
403 2032 570 2096 quaerere,
600 2031 668 2075 nurn
690 2012 758 2076 illae
781 2014 914 2075 rationes
936 2031 1012 2094 quas
1033 2014 1090 2076 iam
1113 2014 1161 2077 alii
1183 2014 1335 2078 attulerint
1357 2012 1395 2076 ad

262 2125 490 2207 productionem
514 2124 731 2188 defendendam
754 2123 908 2188 sufficiant.

300 2213 302 2218 ¹
367 2237 396 2302 1.
426 2237 526 2318 Atque
548 2237 673 2318 primurn
696 2236 816 2318 quidem
839 2237 1010 2300 multisunt
1033 2238 1083 2316 qui
1105 2243 1208 2318 putent
1229 2231 1390 2311 accentum

263 2366 323 2429 quo
346 2347 459 2431 syllaba
482 2348 582 2411 brevis
600 2356 701 2411 notata
724 2350 771 2425 sit,
795 2347 832 2411 ad
854 2347 973 2432 longam
996 2367 1163 2435 mensuram
1185 2348 1390 2411 eiaddendam

263 2459 376 2525 valere.
399 2459 493 2533 Quam
516 2459 618 2524 laesae
641 2459 802 2541 prosodiae
826 2461 1047 2524 excusationem
1061 2460 1396 2524 iaurEustatbiosetiam

263 2579 353 2652 atque
376 2573 462 2635 etiam
485 2571 573 2635 affert
595 2570 650 2645 (ci.
673 2579 828 2634 comment.
851 2571 888 2634 ad
912 2571 942 2635 ΙΙ.
965 2593 987 2635 o
1007 2570 1030 2635 4
1051 2591 1082 2653 p.
1105 2572 1157 2649 13,
1178 2594 1201 2633 α
1225 2571 1286 2635 193
1301 2566 1396 2654 ρ.80,

264 2703 283 2766 y
305 2683 348 2746 dt)
370 2701 400 2765 p.
422 2681 487 2746 380
509 2692 540 2748 et
561 2702 632 2765 prae
655 2682 790 2747 omnibus
812 2682 909 2746 locum
931 2684 1076 2766 insignem
1091 2682 1135 2746 'ad
1158 2682 1214 2747 0d.
1238 2704 1258 2766 p
1280 2681 1344 2749 230
1366 2701 1398 2763 p.

266 2788 385 2875 1464),
414 2814 538 2877 eamque
567 2813 627 2858 non
658 2815 697 2859 ex
719 2796 784 2859 eius
808 2796 899 2877 ipsius
921 2796 1041 2880 ingenio
1064 2795 1248 2878 prolectam,
1277 2795 1333 2861 sed
1356 2814 1397 2859 ex

265 2915 399 2971 ueterum
421 2909 611 2971 metricorum
641 2907 679 2971 de
701 2908 748 2971 his
772 2906 893 2990 syllabis
916 2909 1084 2991 praeceptis
1106 2909 1240 2972 haustam
1263 2925 1333 2970 csse
1356 2924 1396 2968 en

265 3037 303 3082 eo
325 3019 491 3102 intelbgere
515 3019 592 3098 licet,
615 3018 694 3100 quod
713 3019 811 3081 Draco
823 3019 1049 3083 Stratonicensis
1072 3019 1125 3093 (de
1148 3026 1233 3083 metr.
1245 3026 1398 3100 poctarum

263 3150 294 3213 p.
317 3127 337 3194 6
360 3149 448 3213 seqq.
471 3138 501 3194 et
522 3150 551 3212 p.
576 3130 655 3203 119)
687 3130 743 3192 boa
772 3138 936 3212 praecepto
966 3147 1032 3194 aum
1063 3131 1111 3193 illo
1141 3149 1237 3212 paene
1260 3130 1398 3194 concinit.

264 3243 347 3306 Hanc
369 3251 503 3305 veterum
525 3243 711 3322 sententiam,
734 3249 858 3305 accentu
879 3241 944 3305 fieri
966 3250 997 3305 ut
1018 3261 1079 3305 vox
1102 3242 1208 3306 diutius
1230 3242 1260 3305 in
1282 3243 1399 3326 syllaba

263 3362 425 3434 remaneat,
443 3353 597 3435 amplexus
619 3353 864 3418 estHermannus
887 3352 943 3426 (cl.
967 3354 1053 3417 elem.
1070 3353 1164 3417 doctr.
1181 3361 1266 3418 metr.
1282 3373 1312 3438 p.
1329 3352 1400 3428 26).

265 3465 359 3530 Cuius
389 3467 550 3530 auctoritas
579 3483 744 3547 quanquam
773 3466 803 3527 in
833 3465 965 3529 doctrina
988 3466 1109 3529 metrica
1132 3466 1288 3549 plurimum
1310 3465 1400 3545 valet,

263 3583 376 3642 tautum
400 3578 488 3642 abest
510 3584 542 3641 ut
565 3577 709 3662 egregiae
731 3576 901 3662 sagacitatis
925 3578 1028 3641 critico
1051 3596 1137 3659 quam
1159 3585 1400 3662 argumentorum

263 3689 391 3773 ponderi
413 3689 500 3753 fidem
522 3690 635 3753 habere
658 3689 770 3765 malim,
801 3697 834 3752 ut
863 3708 929 3753 cum
952 3688 1109 3754 Hattbiaeo
1132 3691 1268 3772 (gramm.
1293 3687 1399 3754 Graec.

263 3820 294 3885 p.
314 3799 370 3877 21)
395 3809 426 3865 et
446 3802 618 3865 Buttmauno
642 3803 779 3885 (gramm.
793 3799 901 3866 Graec.
924 3803 1026 3866 maior.
1050 3799 1101 3882 17,
1123 3801 1298 3875 adaunot)
1318 3801 1398 3865 illam

263 3914 437 3980 sententiam
460 3932 586 3997 prorsus
607 3912 798 3977 reiicieudam
821 3931 889 3978 esse
911 3933 1086 3996 persuasum
1109 3912 1244 3979 babeam.
1280 3913 1396 3979 Etenim

263 4027 389 4109 primurn
410 4027 466 4089 hac
486 4024 524 4088 de
545 4044 580 4089 re
601 4044 661 4089 non
688 4024 790 4089 dubito
820 4026 891 4107 quin
920 4044 1024 4091 omnes
1053 4043 1169 4089 mecum
1199 4024 1397 4102 consentiant,

264 4136 398 4204 Graecos
420 4145 572 4210 accentum
600 4137 629 4201 in
660 4136 798 4203 uersibus
819 4138 977 4202 recitandis
1000 4144 1051 4203 aut
1081 4137 1199 4203 omnino
1222 4136 1395 4221 neglexisse
