3175 4817
752 1438 822 1513 'Epor'
840 1441 1013 1511 συμβάλλομαι
1034 1445 1100 1492 τοῖσι
1118 1438 1236 1506 {poardus
1253 1437 1284 1491 'td
1298 1462 1336 1507 μη

716 1534 904 1606 γιγνωσκόμενα
921 1532 1119 1606 τεκμαιρόμενος.

1030 1629 1123 1684 Herod.
1140 1629 1173 1696 ΙΙ,
1189 1632 1233 1686 33.

674 1793 677 1798 '
728 1795 758 1864 §.
783 1791 814 1854 1.

307 1927 388 2036 Quo
410 1971 450 2016 ex
477 1960 612 2035 tempore
641 1954 783 2034 prosodia
812 1953 848 2015 ad
876 1960 969 2017 artem
999 1960 1142 2034 certaque
1174 1959 1334 2034 praecepta

203 2062 301 2147 redigi
323 2072 429 2146 coepta
453 2073 509 2143 est,
531 2065 560 2127 in
582 2065 762 2128 hexametris
781 2066 875 2146 epicis
887 2084 940 2128 eae
951 2064 1093 2145 syllabae,
1117 2080 1204 2145 quae,
1227 2081 1334 2144 quam-

202 2193 290 2256 quam
313 2175 422 2240 breves
444 2183 530 2255 sunt,
558 2176 656 2240 multis
677 2176 751 2239 locis
772 2176 892 2259 longam
916 2193 1084 2240 mensuram
1105 2175 1244 2255 explent,
1266 2195 1333 2239 ma-

199 2286 294 2350 ximas
317 2304 438 2370 semper
459 2288 532 2352 viris
555 2287 652 2351 doctis
666 2289 870 2370 praebuerunt
884 2287 1078 2352 difficultates.
1100 2287 1199 2369 Atque
1210 2294 1332 2350 veteres

199 2399 257 2463 iarn
279 2399 378 2464 iubis
402 2400 523 2483 syllabis
546 2398 708 2464 offendisse
738 2401 899 2465 ostendunt
926 2419 1030 2465 eorum
1051 2400 1107 2463 bac
1138 2399 1177 2464 de
1199 2418 1235 2463 re
1256 2399 1332 2462 sub-

199 2509 266 2575 tiles
290 2512 491 2593 quaestiones.
535 2512 609 2576 Nam
630 2520 665 2576 ut
686 2531 871 2576 communem
898 2513 1061 2576 hexametri
1091 2520 1122 2576 et
1151 2511 1331 2593 syllabarum

197 2640 385 2704 mensuram,
406 2624 437 2688 iu
460 2642 546 2706 quam
568 2624 743 2707 saepissime
766 2644 782 2687 a
806 2632 895 2706 poeta
917 2632 1071 2707 peccatum
1092 2642 1163 2687 esse
1182 2621 1332 2700 videbant,

199 2741 251 2798 aut
272 2732 443 2800 adiuvarent
465 2744 515 2800 aut
537 2745 729 2817 excusarent,
750 2755 857 2801 versus
869 2732 1226 2823 aliosrrpoaeqrolalovg,
1247 2754 1332 2819 mpo-

199 2845 358 2925 κοιλίουο,
385 2839 609 2933 δολιχοῦρους,
636 2839 1131 2934 ο1ἰοεοῖκεφάλους,λογᾶρους,
1159 2840 1332 2931 μειούρους

198 2960 353 3039 dicerunt,
383 2960 463 3042 quod
493 2980 531 3025 er
552 2961 708 3026 Athenaeo
738 2961 790 3034 (ci.
815 2962 972 3025 Hermann.
994 2961 1031 3023 de
1053 2967 1139 3025 metr.
1161 2980 1189 3043 p.
1214 2957 1270 3033 68)
1293 2978 1332 3022 ex

195 3072 348 3138 Eustatbio
371 3079 413 3156 (p.
426 3072 493 3137 900
514 3074 565 3137 Ι.6
587 3075 699 3155 sequ),
721 3081 752 3136 et
762 3074 899 3137 Dracone
920 3076 969 3156 (p.
985 3076 1002 3136 7
1016 3073 1035 3136 l.
1048 3066 1084 3148 8)
1106 3073 1250 3156 cognosci
1272 3090 1330 3154 po-

196 3191 268 3249 test.
289 3186 395 3268 Neque
417 3188 615 3250 recentiorum
639 3189 810 3267 quicunque
832 3185 901 3249 inde
923 3185 1065 3249 arcuatis
1080 3184 1182 3248 litteris
1200 3186 1229 3247 in
1240 3202 1332 3266 prae-

199 3295 370 3360 clarissimis
399 3296 455 3361 illis
486 3298 665 3378 antiquitatis
695 3295 829 3379 reliquiis
864 3304 914 3360 aut
947 3296 1040 3360 critici
1072 3303 1123 3361 aut
1150 3296 1331 3378 interpretes

199 3424 321 3490 operam
343 3408 583 3488 coloraverunt,
612 3409 678 3473 iure
709 3409 838 3473 incusari
867 3417 1007 3490 possunt,
1036 3407 1116 3490 quod
1143 3407 1272 3470 studium
1293 3407 1331 3470 ad

197 3518 379 3604 indagandas
401 3521 545 3604 migratus
565 3522 723 3603 prosodiae
738 3539 846 3585 causas
869 3537 929 3584 non
952 3520 1150 3600 contulerint3
1172 3519 1226 3583 sed
1241 3536 1329 3600 quum

198 3630 306 3695 inillis
328 3629 448 3713 syllabis
471 3632 668 3713 producendis
681 3634 831 3697 Homerus
853 3632 890 3696 ab
913 3650 970 3697 usu
992 3637 1161 3695 ceterorum
1175 3639 1331 3713 poetarum

198 3740 342 3808 recedere
363 3742 528 3826 videretur,
549 3761 602 3808 eas
624 3746 655 3808 iu
677 3746 885 3828 exceptionem
908 3743 1017 3808 radere
1037 3743 1182 3825 iuxtaque
1203 3750 1335 3808 tractan-

199 3850 255 3916 das
279 3871 352 3918 esse
374 3854 548 3920 censebant
572 3856 683 3921 Primus
704 3866 804 3922 autem
826 3857 1011 3921 Hermannus
1034 3853 1073 3919 de
1093 3855 1150 3919 bac
1171 3854 1332 3937 prosodiae

198 3971 283 4048 parte
309 3982 447 4032 seorsum
476 3967 552 4051 egit.
593 3966 711 4032 Etenim
740 3987 831 4050 quum
861 3967 899 4032 ad
921 3967 1087 4031 Ruhnkenii
1106 3967 1145 4032 de
1168 3967 1331 4051 Argonau-

199 4076 266 4142 ticis
292 4080 469 4143 seutentiam
499 4079 686 4144 reiicieudam
716 4082 869 4164 copiosius
897 4090 927 4146 et
956 4080 1140 4147 enucleatius
1160 4078 1198 4142 de
1220 4077 1332 4160 Orphei

199 4190 335 4256 uomens
358 4189 513 4259 uisserere
541 4191 685 4272 deberet,
712 4210 818 4259 omnes
846 4195 974 4261 omnium
1003 4199 1159 4275 poetarum
1188 4190 1238 4273 qui
1264 4198 1334 4273 past

1132 4296 1146 4357 1
