3175 4817
732 340 774 410 37

275 515 307 584 7.
328 520 437 584 Mur.

212 635 216 643 '
339 642 372 715 a)
393 634 502 723 μέγας.
545 637 664 722 Sydaba
696 638 878 703 antecedens
914 657 931 702 a
960 649 1065 722 pocta,
1102 649 1193 724 prout
1218 658 1327 706 versus

394 751 505 833 exigit,
536 758 587 815 aut
609 750 781 832 producitur
804 757 856 814 aut
877 752 1048 833 corripitur.
1091 754 1189 819 Locos
1210 754 1325 818 utrius-

395 880 455 944 que
476 863 601 948 generis
624 880 801 926 enumerare
822 860 904 924 uclc.

339 973 376 1047 b)
397 969 544 1058 μέγαρον.
578 974 640 1038 Ηοε
663 975 874 1038 substantivum
898 992 914 1034 a
936 973 1038 1038 radice
1064 977 1163 1060 „ner‘
1183 976 1325 1040 derivan-

395 1084 463 1148 dum
485 1102 570 1163 esse,
593 1093 625 1149 ut
645 1081 782 1170 μέγαρον
804 1103 860 1167 pro
881 1080 1020 1168 μέμαλον
1042 1089 1168 1167 positum
1190 1090 1242 1166 sit,
1270 1089 1326 1151 iam

396 1206 479 1260 recte
502 1198 672 1261 observavit
694 1197 887 1260 Buttmannus
909 1196 967 1260 lex.
992 1197 1012 1261 Ι.
1034 1217 1063 1280 p.
1085 1193 1159 1264 259.
1259 1201 1261 1204 ’

293 1326 338 1390 De
368 1324 471 1391 brevis
500 1326 859 1411 syliabaeantacedentis
882 1326 1093 1408 productione,
1123 1329 1199 1392 idem
1223 1328 1328 1391 dicen·

191 1436 259 1499 dum
289 1445 352 1515 est,
378 1438 459 1518 quod
489 1438 527 1502 de
553 1439 675 1521 syllabis
709 1446 776 1501 ante
805 1432 947 1521 ,,μέγας“
975 1438 1148 1502 adiectivum
1176 1439 1329 1525 productis

189 1547 328 1612 diximus.

296 1659 379 1734 Quae
402 1661 490 1725 radin
509 1664 538 1726 in
561 1663 624 1726 aiiis
646 1663 753 1745 tinguis
775 1661 868 1725 radici
892 1660 1026 1725 Graecae
1046 1660 1244 1743 respondeat,
1265 1681 1327 1726 non

95 1811 99 1824 ι
193 1773 263 1836 satis
285 1780 411 1837 constat
452 1774 560 1855 Neque
574 1775 664 1857 igitur
687 1774 725 1837 de
747 1773 854 1837 frontis
876 1773 972 1837 forma
996 1774 1069 1838 certi
1086 1772 1242 1854 quidquam
1254 1789 1329 1837 con·

192 1884 275 1948 stitui
307 1892 415 1966 potest
458 1886 600 1950 Fortasse
634 1883 826 1969 primigeniae
860 1885 975 1948 formae
1003 1884 1224 1948 constituendae
1253 1887 1329 1950 viam

192 2003 336 2059 munstmt
357 1994 451 2060 iarnra
473 1997 607 2064 adverbii
631 1994 853 2082 ‚‚cneicna39·‘,
883 2015 959 2078 quae
991 2003 1037 2061 est
1058 1997 1087 2059 in
1110 2004 1199 2077 poeta
1221 1997 1258 2061 de
1280 1998 1330 2061 ri-

193 2106 275 2171 ribus
296 2106 452 2172 herbarum
473 2129 502 2172 r.
529 2103 590 2170 100
614 2109 669 2184 (ci.
692 2110 838 2172 Hermann
861 2107 899 2170 de
921 2107 1014 2189 Orph.
1038 2126 1067 2189 p.
1092 2102 1204 2183 7181).

282 2274 314 2344 8,
333 2271 488 2361 μαλακός.
907 2337 909 2342 ⁴

344 2399 375 2465 tl.
397 2421 411 2464 ι
429 2390 542 2478 617,’κ
566 2397 619 2480 75,
639 2422 660 2481 χ
682 2396 745 2464 504
768 2390 846 2486 εὐνῇ
867 2395 913 2463 ἐνὶ
933 2397 1071 2483 μαλακῇ.

299 2537 394 2613 Ouum
420 2556 494 2602 vero
524 2538 572 2602 iris
599 2545 710 2602 tantam
740 2537 816 2601 lacis
844 2547 873 2600 et
902 2534 956 2601 hac
985 2556 1093 2602 vocum
1122 2538 1330 2601 coniunctione

194 2649 352 2734 productio
374 2649 511 2732 syliabae
530 2648 632 2714 brevis
651 2648 930 2732 comprehendatur,
951 2648 1141 2713 scribendum
1165 2658 1234 2729 puto
1256 2637 1331 2732 εὐνῇ

121 2773 123 2778 ’
196 2756 232 2828 tr
252 2758 390 2844 μαλωιῇ.

284 2918 315 2989 9.
375 2915 393 2986 ’.

337 2946 420 3130 94921]
442 3036 505 3105 353
529 3032 670 3125 ἔλπομαι
692 3038 908 3122 ἐκτελέεσθαι,
929 3037 984 3107 ἵνα
1001 3027 1048 3127 μή
1070 3037 1201 3132 ῥέξομεν
1222 3022 1298 3108 ὦδε.

299 3182 429 3250 Offendit
450 3181 595 3264 particula
612 3175 668 3248 ἵνα
680 3180 882 3265 postrerbum
898 3174 1049 3261 λίσσομαι
1072 3188 1223 3263 rumpam,
1244 3199 1331 3263 quam

197 3295 238 3362 ita
259 3294 392 3362 adhiberi
421 3312 480 3357 nen
509 3312 603 3376 posse
629 3295 685 3358 iam
709 3309 799 3375 cupra
820 3292 865 3371 (ἓ.
887 3291 924 3369 8,
955 3286 1008 3363 10)
1032 3292 1197 3357 docuimus.
1240 3294 1334 3360 dcci·

198 3405 307 3494 cienda
330 3414 378 3474 est
398 3407 488 3491 igitur
509 3405 672 3471 Aristarchi
692 3404 782 3472 lectio
803 3394 845 3468 ἵν’
872 3395 929 3483 ἄν,
950 3422 1007 3486 qua
1029 3402 1186 3470 difficultas
1208 3405 1332 3474 metrae

196 3526 229 3583 et
250 3518 439 3604 garumnica
459 3517 582 3581 tollitur.

288 3677 339 3747 10.
361 3682 496 3763 Denique
518 3701 538 3766 ρ
561 3673 644 3759 735,
663 3676 726 3744 tud
755 3678 865 3763 iegitur
894 3670 964 3760 οἵγε
999 3674 1157 3758 μεμαῶτε.
1198 3677 1258 3743 Sed
1279 3697 1335 3742 re·

198 3792 377 3858 struendum
407 3811 481 3857 esse
510 3792 629 3855 videtur
654 3783 718 3875 οἵγ’
744 3785 935 3872 ἐμμεμαῶτε
960 3786 1014 3864 (ci.
1043 3786 1075 3852 u
1104 3808 1125 3850 c
1153 3784 1218 3853 468
1248 3780 1334 3855 attat

196 3892 276 3986 μέλ’
297 3896 481 3986 ἐμμεμαώς,
503 3924 520 3969 ε
544 3898 606 3968 142
628 3891 733 3988 αὕτεῖρ
753 3891 772 3968 ὁ
793 3892 988 3983 ἐμμεμαώς).

305 4143 331 4211 1)
353 4139 423 4210 μάλα
449 4157 484 4196 ει
506 4142 602 4211 μεγαλα
628 4147 708 4194 crtum
738 4155 795 4193 aare
818 4140 892 4191 certis
915 4139 1066 4208 argumentis
1090 4133 1183 4189 decent
1205 4131 1286 4200 Bapp.
1308 4137 1336 4184 at

201 4233 307 4306 bertier.
324 4237 345 4304 1,
363 4238 406 4294 94.
