3175 4817
820 349 861 418 10

269 523 447 590 vocabulum
478 524 514 587 ab
542 522 590 587 illa
620 530 806 586 consonante
837 522 990 606 inciperet.
1033 525 1132 605 Atque
1155 524 1329 588 adverbium
1353 514 1406 603 ὡς,

269 637 355 702 cuius
377 653 516 719 asperum
538 653 577 699 ex
600 634 746 716 primitivo
765 634 778 716 j
797 641 895 698 natum
918 652 988 698 esse
1010 634 1099 699 docet
1119 635 1213 700 forma
1235 636 1401 702 eiusSans-

269 749 369 813 critica
389 750 460 832 pit
473 743 512 827 ¹),
534 747 707 828 primitivam
730 745 854 809 litteram
877 746 1015 810 initialem
1037 748 1068 809 in
1089 747 1223 811 formulis
1245 750 1339 831 epicis
1362 768 1402 812 en

267 860 369 925 ultima
393 859 564 942 antiquitate
586 857 769 922 conservatis
792 875 889 939 usque
910 857 947 923 ad
969 859 1089 923 Homeri
1104 866 1229 923 aetatem
1241 860 1401 924 retinuisse

267 972 401 1052 videtur,
423 989 511 1053 quum
534 968 652 1052 syllaba
675 968 777 1032 brevis
800 970 981 1034 antecedens
1003 979 1032 1033 et
1054 972 1083 1033 iu
1105 969 1267 1053 simplicem
1290 985 1402 1035 conso·-

266 1103 335 1148 nam
358 1083 501 1147 desinens
523 1099 616 1163 saepe
646 1080 845 1164 producatur,
875 1090 905 1146 ut
931 1084 960 1145 in
983 1080 1108 1146 turmula
1139 1084 1222 1164 epica
1244 1068 1326 1158 θεός
1348 1070 1401 1159 ὥς.

266 1196 340 1260 Tum
372 1196 402 1256 in
431 1193 533 1257 mediis
563 1173 684 1275 quoque
714 1191 838 1257 vocibus
868 1194 878 1255 i
907 1193 1090 1257 semivocalis
1121 1194 1315 1258 consonantis
1344 1197 1401 1258 vim

267 1306 410 1387 suscepit,
433 1312 465 1368 ut
486 1305 516 1367 iu
534 1294 711 1387 Αἰγύπτιοι
733 1302 788 1368 od.
801 1304 831 1381 l,
845 1303 900 1382 83,
920 1304 955 1369 ll.
972 1300 1004 1381 9,
1017 1304 1092 1382 382,
1116 1305 1198 1386 quod
1219 1307 1315 1371 tribus
1338 1307 1403 1390 syl·

268 1418 347 1482 labis
370 1416 617 1499 pronuntiandum
648 1410 746 1491 esti).
778 1416 930 1480 batissime
958 1425 1055 1481 autem
1078 1419 1253 1499 primitivum
1272 1420 1285 1501 j
1308 1419 1401 1483 semi·

269 1529 382 1593 vocalis
404 1546 488 1591 usum
510 1529 539 1592 in
562 1529 660 1611 prisca
681 1527 781 1610 lingua
803 1530 949 1611 patuisse,
971 1530 1092 1593 uberius
1114 1532 1254 1612 exposuit
1266 1530 1301 1594 G.
1319 1532 1399 1595 Gur-

270 1642 329 1705 tius
352 1642 380 1704 in
403 1640 500 1717 libro,
530 1642 580 1721 qui
609 1640 779 1703 inscribitur
811 1638 893 1716 „ibic
921 1638 1057 1720 uittam
1087 1639 1138 1705 bea
1166 1638 1314 1720 &empore
1342 1640 1402 1705 aab

269 1750 360 1821 §litori
382 1750 424 1817 im
447 1746 644 1833 (brietiiidpeo
672 1750 731 1815 aab
753 1748 963 1833 totetntfomt
994 1771 1022 1835 p.
1045 1749 1088 1816 89
1110 1771 1176 1835 sqq.
1208 1760 1237 1816 et
1259 1753 1401 1816 Fcerste·

269 1883 412 1929 mannus:
434 1864 480 1927 lle
503 1864 708 1946 comparativis
731 1871 761 1927 et
783 1864 893 1946 superl.
914 1863 986 1946 ling.
999 1863 1105 1927 Graec.
1119 1872 1149 1928 et
1162 1865 1226 1927 Lat
1237 1882 1267 1946 p.
1281 1862 1323 1928 34
1336 1882 1402 1945 sqq.

375 1990 405 2058 2.
428 1992 528 2055 Altera
544 1992 730 2056 semivocalis
743 1979 804 2056 Vau
826 2010 887 2055 non
909 2011 1004 2075 aeque
1027 2011 1061 2055 se
1084 1991 1204 2070 abdidit,
1227 1992 1283 2056 sed
1299 1992 1405 2056 diutis-

268 2105 343 2169 sime
365 2107 397 2167 in
424 2104 548 2168 dialecto
571 2103 694 2167 Aeolica
716 2113 894 2169 conservata
918 2112 974 2168 est.
997 2106 1096 2184 Atque
1120 2105 1185 2167 eius
1206 2124 1289 2167 usum
1306 2106 1404 2166 omni-

269 2217 327 2281 bus
355 2217 495 2299 stirpibus
519 2214 641 2280 Graecis
671 2234 854 2281 communem
882 2216 977 2281 luisse
1004 2215 1167 2279 ostendunt
1194 2218 1403 2299 inscriptiones

268 2330 399 2391 cuiusvis
422 2328 557 2407 dialecti,
586 2345 675 2409 quum
706 2329 823 2413 signum
854 2330 919 2391 eius
942 2330 972 2391 F
992 2328 1150 2392 exhibeant
1162 2322 1207 2401 ³),
1237 2336 1266 2392 et
1288 2327 1403 2391 confir-

267 2448 347 2503 mant
369 2440 560 2503 disertissima
573 2439 736 2503 testimonia
749 2441 1005 2525 grammaticorum
1016 2435 1057 2513 4).
1080 2440 1192 2502 Verum
1204 2439 1284 2520 quod
1300 2457 1405 2523 gram·
1430 2519 1432 2524 s

266 2552 362 2614 malici
392 2552 420 2614 ei
450 2569 557 2614 nomen
585 2551 701 2634 litterae
732 2552 874 2636 Aeolicae
904 2551 1022 2628 indunt,
1055 2570 1110 2613 nos
1143 2569 1203 2613 non
1234 2552 1404 2627 morabitur,

268 2680 359 2743 quum
382 2671 488 2743 postea
509 2664 539 2726 in
562 2662 683 2727 Aeolica
707 2669 825 2727 tantum·
842 2663 969 2728 dialecto
992 2664 1217 2746 conspiceretur
1248 2664 1286 2726 ob
1319 2682 1404 2727 eam-

269 2792 329 2855 que
352 2793 469 2838 causam
491 2774 633 2838 Aeolibus
654 2774 726 2837 solis
754 2776 876 2857 propria
904 2792 974 2838 esso
996 2774 1155 2838 videretur.
1200 2774 1284 2848 Quae
1307 2775 1402 2837 littera

267 2903 358 2966 quum
382 2886 575 2950 consonantis
605 2888 663 2948 vim
691 2880 877 2963 habetest),
907 2885 1047 2949 latissime
1076 2888 1139 2948 eius
1168 2893 1347 2968 potestatem
1370 2887 1400 2948 in

367 3080 394 3147 1)
422 3078 460 3134 Gt.
485 3078 591 3135 Curtius.
621 3096 659 3149 qr.
690 3088 767 3147 atym.
799 3096 825 3134 u.
851 3080 911 3136 606.
951 3079 980 3134 ln
1007 3081 1238 3147 circumscriptione
1267 3079 1402 3133 litterarum

263 3174 470 3227 Senseriticarum
489 3190 547 3227 eam
569 3175 691 3228 rationem
716 3174 829 3240 adbibui,
853 3191 927 3244 quam
945 3176 1057 3243 Boppius
1074 3176 1099 3226 in
1117 3190 1221 3244 gramm.
1239 3189 1322 3242 comp.
1340 3192 1400 3243 pro-

262 3269 353 3337 posuit.
1385 3326 1388 3332 Ἰ

366 3364 393 3431 2)
412 3361 452 3417 Cf.
469 3358 580 3428 mqtrdde
598 3362 697 3417 Sotadir
715 3365 781 3430 apud
799 3364 1013 3432 Hephaestionem
1032 3379 1057 3430 p.
1075 3365 1093 3420 8
1111 3371 1136 3415 et
1154 3362 1288 3419 llcrmanu.
1306 3381 1395 3433 opusc.

263 3455 307 3513 ttt.
328 3474 354 3525 p.
372 3460 406 3514 69
425 3474 493 3527 sqq,
512 3459 554 3526 qui
572 3458 646 3510 talem
664 3467 675 3510 t
690 3459 788 3512 litterae
806 3468 954 3528 potestatem
978 3459 1104 3529 agnoscit,
1126 3465 1153 3508 ut
1173 3456 1256 3509 media
1280 3461 1312 3512 eit
1332 3461 1398 3511 iuter

230 3545 232 3548 ’
263 3552 379 3605 vocalem
399 3562 425 3605 ot
442 3559 630 3605 consonantem.

365 3646 392 3713 3)
412 3645 477 3699 Vi'de
495 3648 670 3713 inscriptiones
678 3646 810 3699 Boeoticas
829 3649 854 3700 in
871 3646 994 3699 boeclubii
1011 3662 1035 3701 c.
1052 3643 1075 3700 J.
1092 3645 1112 3700 l.
1131 3663 1155 3714 p.
1165 3647 1216 3700 717
1227 3661 1307 3714 seqq,
1325 3644 1397 3698 lilia·

261 3755 317 3792 catu
335 3739 355 3795 1.
374 3756 398 3807 p.
417 3741 466 3806 283
484 3739 589 3794 Doricae
606 3740 637 3793 ll.
655 3757 682 3808 p.
699 3743 751 3797 397
768 3758 842 3812 seqq.
860 3750 885 3793 et
901 3741 1016 3794 ionicam
1035 3757 1061 3795 n.
1079 3742 1121 3796 10.

362 3834 390 3901 4)
416 3833 455 3892 ct.
478 3834 583 3904 Dionys.
606 3835 690 3891 llalic.
714 3838 740 3888 in
762 3836 898 3891 Archaeol.
921 3836 993 3891 Rom.
1016 3835 1038 3890 Ι.
1060 3836 1094 3893 20
1119 3835 1155 3901 (ut
1183 3833 1266 3886 locum
1295 3834 1396 3887 exbibet

259 3927 408 3981 llitrcbcliur
438 3931 464 3981 in
487 3929 562 3996 Spec.
586 3930 660 3985 Ilion.
682 3929 761 3986 llallc.
784 3945 817 3983 ex
846 3933 945 3999 optimis
968 3930 1098 3983 codicibus
1121 3927 1262 3990 emendati,
1290 3927 1394 3981 Bonoae

262 4023 354 4091 1856),
372 4023 472 4091 Trypho
489 4019 563 4088 πάθη
581 4024 670 4083 λέξεων
686 4026 712 4079 9.
731 4026 763 4080 11
785 4023 857 4090 (llus.
876 4027 929 4080 crit.
946 4033 1012 4101 cent.
1030 4032 1047 4078 t.
1066 4023 1084 4078 Ι,
1102 4039 1127 4089 ρ.
1143 4024 1199 4089 34).

364 4118 391 4185 5)
412 4116 555 4170 &uacuam
577 4116 695 4187 dipammi
711 4122 762 4172 vim
781 4121 896 4188 agnoscit
914 4119 1005 4173 ttarim
1022 4118 1164 4171 Victorinus
1181 4117 1200 4171 Ι.
1217 4133 1243 4185 p.
1256 4117 1320 4172 2461
1342 4115 1394 4182 td.

259 4209 410 4280 ramum).
