3175 4817
306 1384 468 1505 Mirantur
495 1431 634 1504 fortasse
661 1430 816 1520 lectores,
841 1429 926 1527 quod
942 1439 1014 1528 post
1026 1429 1207 1503 Hoffmanni
1219 1427 1335 1506 librum

203 1556 433 1644 doctissimum,
448 1555 502 1649 qui
516 1551 698 1626 inscribitur
707 1550 947 1644 „Quaestiones
966 1551 1197 1642 Homericam,
1214 1546 1336 1625 Claus-

202 1671 580 1763 tbaliae18d2editum‚
605 1675 639 1744 in
664 1671 778 1745 eadem
802 1696 840 1744 re
863 1666 1039 1748 elaborare
1050 1671 1196 1748 audeam.
1222 1671 1337 1768 Neque

203 1801 289 1870 enim
309 1795 405 1870 debet
419 1793 566 1884 dubitari,
582 1796 665 1894 quin'
675 1793 821 1891 plerique
835 1793 1019 1870 Hoffmanni
1034 1792 1106 1866 libri
1125 1792 1265 1868 lectores
1279 1797 1336 1865 in-

201 1922 290 2014 genii
305 1921 452 1992 acumine
466 1925 498 1992 et
511 1918 705 1990 inventionis
718 1917 897 2009 sagacitate
924 1913 1060 1990 astudio
1073 1918 1105 1986 in
1122 1914 1185 1988 hae
1202 1917 1335 1987 materia

201 2038 391 2114 collocando
405 2038 547 2111 deterriti
559 2040 634 2113 sint.
663 2037 839 2108 Delenitus
849 2058 957 2112 essem
971 2034 1053 2108 baud
1063 2034 1157 2108 dubie
1172 2044 1236 2131 'ego
1249 2058 1349 2136 quo·-⁴

201 2181 275 2260 que,
301 2162 341 2249 si,
363 2158 447 2255 quod
474 2156 592 2252 vellem
619 2156 697 2228 mihi
722 2155 886 2228 fatendum
900 2179 966 2229 non
984 2165 1085 2252 esset,¹
1108 2155 1222 2228 librum
1249 2159 1336 2260 prius

200 2283 443 2378 cognovissem.
468 2275 521 2349 Ex
547 2300 589 2350 eo
614 2279 701 2352 enim
727 2286 888 2376 tempore,
912 2299 975 2373 quo
1000 2277 1135 2352 Homeri
1161 2277 1335 2362 lectionem

200 2406 379 2484 accuratius
406 2409 546 2486 tractare
578 2402 694 2495 coepi,
728 2401 919 2495 saepissime
953 2398 995 2471 de
1021 2397 1172 2510 prosodia
1197 2402 1229 2486 in
1256 2421 1335 2471 car-‚-

200 2522 336 2610 minibus
362 2523 545 2596 Homericis
572 2518 709 2593 adbibita
736 2542 896 2616 quaerere
926 2523 1054 2594 institui.
1093 2520 1214 2598 Verum
1240 2541 1335 2616 quum

199 2648 345 2742 rationes⁴
376 2641 572 2743 syllabarum
609 2639 753 2713 brevium
788 2639 1016 2737 productorum
1056 2666 1076 2714 a
1112 2645 1192 2716 viris
1233 2641 1335 2716 doctis

201 2763 319 2840 allatae
346 2767 475 2836 omnino
502 2762 719 2860 displicerent,
746 2761 827 2836 alias
853 2762 937 2838 illius
963 2762 1115 2836 licentiae
1140 2786 1222 2859 quae
1235 2762 1334 2835 vide-

200 2881 292 2956 batur
318 2905 431 2957 causas
457 2884 576 2958 afferre
602 2881 715 2957 studui.
736 2875 853 2980 ltaque
879 2906 974 2981 quum
1001 2883 1043 2962 ad
1060 2886 1182 2960 veteris
1202 2883 1335 2977 linguae

201 3005 351 3078 Graecae
377 3003 516 3076 indolem
544 3003 804 3102 cognoscendam
831 3007 865 3076 in
897 3004 1109 3079 dialectorum
1143 3007 1335 3098 grammati-

199 3150 323 3227 caeque
349 3109 749 3224 comparativae'studium
773 3124 993 3202 incumberem
1020 3135 1053 3198 et
1080 3124 1194 3198 multas
1221 3147 1335 3216 voces,

135 3345 137 3349 ‚
199 3269 331 3342 quarum
357 3248 457 3322 tronti
482 3245 601 3321 breves
628 3244 770 3343 syllabas
797 3244 994 3343 producendi
1020 3250 1070 3320 vis
1089 3246 1261 3319 inhaerere
1277 3248 1334 3316 vi-

75 3361 77 3364 ’
200 3367 347 3472 debatur,
372 3371 509 3464 antiquis
535 3366 733 3465 temporibus
759 3390 779 3444 a
806 3366 889 3446 binis
915 3371 1067 3444 consonis
1092 3370 1254 3463 incepisse
1279 3369 1335 3446 in-

200 3492 357 3592 qenirem‚
382 3493 415 3560 in
441 3499 581 3564 mentem
608 3491 698 3562 venit
724 3510 899 3585 quaerere²
923 3511 998 3564 num
1024 3487 1109 3561 iorte
1135 3510 1249 3574 omnes
1269 3488 1335 3580 bu-

198 3608 333 3683 iusmodi
360 3609 506 3708 syllabae
531 3614 600 3683 iure
627 3611 760 3683 duarum
787 3632 1007 3683 consonarum
1033 3620 1164 3708 postero
1190 3619 1335 3714 tempore

197 3733 424 3803 exstinctarum
451 3729 717 3828 producerentur.
745 3728 839 3816 Quod
870 3730 1006 3805 studium
1026 3734 1139 3803 mirum
1155 3733 1186 3802 in
1203 3730 1331 3803 modum

197 3858 326 3924 auctum
362 3861 414 3926 est
446 3854 576 3944 cognita
601 3850 755 3926 Alsensii
790 3850 1018 3926 decedebam
1052 3856 1086 3924 in
1121 3851 1205 3925 llus.
1232 3852 1334 3925 Rhen.

196 3970 235 4043 bl
262 3969 298 4042 S.
325 3968 361 4040 n.
387 3994 419 4068 p
449 3970 522 4045 167
549 3994 619 4068 sqq.
667 3971 712 4043 lta
739 3974 871 4062 evenit,
896 3981 951 4063 ut,
983 3995 1078 4068 quum
1104 3972 1216 4047 studiis
1242 3974 1334 4044 Aca·

196 4090 332 4167 manicis
356 4091 454 4180 mam
490 4096 694 4192 impositurus
720 4096 812 4188 quasi
837 4096 1016 4166 tirocinium
1044 4097 1076 4165 in
1102 4093 1208 4165 lucem
1235 4091 1335 4166 edere

196 4214 417 4306 institueremp
454 4214 499 4287 de
522 4214 573 4292 bis
597 4213 735 4313 syllabis
767 4236 870 4308 agere
904 4215 980 4300 mihi
1013 4217 1211 4316 propositum
1236 4224 1334 4290 esset
