3175 4817
747 339 768 406 3

16 540 21 547 ·
84 509 86 513 ⁴
186 521 242 578 aut
262 531 327 576 cum
350 512 458 593 pedum
474 530 724 595 numerorumque
739 514 945 578 moderatione
962 512 1165 579 coniunxisse.
1186 512 1322 578 Alteram

185 626 214 689 si
236 625 387 705 accipitur,
408 632 559 687 accentum
582 626 699 688 oraniuo
721 625 833 690 nullam
854 626 913 688 vim
936 624 1076 688 babuisse
1097 624 1321 688 concedendum

184 743 245 810 est,
267 736 312 798 sin
334 734 469 815 alterum,
491 736 627 817 accipere
648 736 718 801 licet
741 752 844 801 aurem
866 734 1027 818 prosodiae
1049 735 1087 800 ab
1111 743 1233 800 accentu
1255 735 1322 802 dis·

184 849 319 928 crepanti
349 848 388 910 ita
418 835 610 927 assuerirse,
639 855 674 911 ut
697 856 808 912 tantam
837 849 896 912 rim
926 847 1093 913 absorbere
1120 865 1179 911 non
1208 856 1322 930 posset

185 959 262 1022 Tum
292 976 368 1022 vero
397 976 457 1021 non
487 959 558 1022 satis
586 966 721 1037 constat,
751 959 872 1023 Homeri
901 959 1084 1042 temporibus
1112 958 1256 1023 vocabula
1284 976 1322 1022 eo

189 1070 257 1134 loco
279 1069 420 1133 babuisse
442 1078 604 1150 accentum,
625 1088 685 1152 quo
699 1068 975 1145 Hermoniacum
999 1071 1127 1153 positum
1149 1088 1220 1135 esse
1241 1070 1324 1134 arbi-

187 1189 301 1263 tratur'3
323 1201 391 1245 nam
407 1181 485 1245 baud
501 1201 633 1268 magnam
646 1183 676 1245 in
700 1183 912 1246 dubitationem
936 1183 1055 1245 vocavit
1069 1182 1208 1246 librensii
1229 1157 1324 1265 saga·-

185 1294 262 1357 citas
285 1294 355 1374 quin
381 1294 588 1376 antiquissimis
610 1295 792 1375 temporibus
817 1295 918 1358 ultima
949 1312 1055 1357 vocum
1084 1294 1196 1377 syllaba
1226 1295 1323 1359 raris·

190 1406 264 1469 sime
285 1411 408 1467 accentu
431 1405 507 1469 elata
528 1406 567 1470 sit
587 1404 641 1482 (cl.
664 1405 792 1470 Abrens.
815 1405 854 1469 de
877 1404 946 1469 dial.
968 1404 1054 1468 Aeol.
1078 1424 1106 1486 p.
1122 1404 1188 1481 13).
1210 1402 1323 1469 Deinde

186 1516 216 1581 si
239 1517 374 1579 accentui
403 1524 480 1580 taum
510 1518 556 1581 vis
585 1517 770 1594 attribuitur,
801 1526 833 1581 ut
861 1535 899 1580 eo
928 1516 1025 1598 posito
1056 1513 1190 1597 syllabae
1218 1516 1323 1581 finales

186 1618 347 1706 deuocat,
363 1615 530 1707 ἀναιμωτί,
553 1620 710 1708 αὐτονυχί,
732 1629 855 1691 aliorum
877 1627 1086 1692 adverbiorum
1109 1628 1324 1710 producantur,

190 1740 240 1820 qui
262 1737 291 1801 lit
314 1748 347 1803 ut
369 1739 477 1803 multae
499 1741 648 1823 syllabae,
678 1758 753 1822 quae
783 1741 853 1804 item
883 1745 1009 1804 accentu
1031 1746 1149 1803 notatae
1178 1748 1262 1819 sunt,
1292 1746 1326 1805 ut

192 1850 296 1913 finales
319 1870 422 1914 vocum
443 1848 643 1935 μεγαλωστί,
664 1848 831 1933 μελεϊστί,
862 1871 981 1934 semper
1004 1854 1217 1935 corripiantur,
1247 1852 1323 1924 aliae

190 1981 268 2026 vero
290 1961 444 2045 syllabae,
474 1982 650 2046 quamquam
673 1973 827 2029 accentum
849 1982 910 2028 non
931 1964 1058 2042 babent,
1081 1973 1179 2028 tamen
1200 1963 1323 2048 longam

189 2092 354 2138 mensuram
385 2076 544 2157 expleant?
589 2078 722 2160 Denique
752 2078 870 2140 omnino
901 2076 1058 2140 dicendum
1091 2083 1139 2139 est
1168 2083 1325 2138 accentum

190 2186 221 2249 in
259 2189 374 2268 antiqua
411 2188 592 2252 Graecorum
628 2189 769 2270 prosodia
808 2187 879 2250 nibil
908 2186 1061 2265 valuisse,
1096 2186 1206 2268 quippe
1244 2204 1323 2267 quae

190 2299 357 2378 quantitatis
380 2317 468 2379 quam
492 2299 592 2362 dicunt
613 2300 755 2381 principio
779 2318 815 2362 ac
834 2298 1027 2363 fundamento
1049 2298 1157 2360 nitatur
1180 2297 1262 2360 etin
1287 2315 1324 2361 ea

189 2418 331 2472 accentus
354 2412 507 2491 quantitati
529 2410 569 2473 iili
592 2411 724 2493 quidem,
755 2429 903 2492 nunquam
927 2429 1000 2474 vero
1023 2411 1169 2491 quantitas
1191 2410 1325 2475 accentui

188 2538 225 2583 se
247 2522 384 2604 applicet.
1353 2509 1355 2514 ’

293 2635 324 2696 2.
356 2634 429 2696 'luna
451 2651 605 2697 caesuram
629 2642 659 2696 et
679 2634 958 2714 interpunctionem,
982 2652 1062 2714 quae
1084 2627 1208 2697 brevem
1231 2632 1325 2713 sylla·

191 2742 258 2804 bam
281 2745 400 2826 excipit,
423 2745 460 2807 ad
483 2745 591 2809 breves
612 2745 740 2827 syllabas
762 2745 968 2826 producendas
991 2745 1112 2809 multum
1135 2745 1247 2821 valere,
1270 2744 1324 2807 riri

191 2853 270 2917 docti
288 2855 481 2921 contendunt.
505 2858 603 2938 Atque
625 2859 680 2920 iam
704 2858 853 2921 veteribus
874 2857 948 2944 hanc
964 2857 1141 2921 sententiam
1156 2855 1324 2918 innotuisse

190 2974 314 3047 apparet
343 2986 383 3030 ex
402 2968 546 3031 Eustatbii
574 2970 761 3033 annotatione
794 2969 830 3031 ad
852 2968 884 3031 ll.
908 2964 927 3045 ζ
949 2965 1012 3033 265
1033 2987 1063 3049 p.
1086 2964 1160 3047 645,
1182 2968 1232 3030 ubi
1255 2966 1325 3029 vul-

190 3086 289 3160 gataur
312 3079 486 3160 scripturam
501 3079 631 3144 defendit
648 3080 694 3143 his
708 3080 827 3144 verbist
847 3074 969 3159 μένεος,
989 3070 1091 3163 ἀλκῆς
1111 3099 1145 3142 ιε
1167 3069 1325 3159 laieopar

191 3189 365 3272 (legendum
395 3200 442 3256 est
470 3187 581 3272 μένεος
608 3181 751 3277 δ’ἆλκῆς)
781 3178 819 3257 cc
839 3185 875 3255 δὲ
895 3187 1008 3271 μένεος
1036 3184 1169 3255 ἐκτείνει
1190 3176 1246 3273 τήν
1267 3174 1325 3272 λη’-

132 3357 135 3366 .
189 3320 308 3384 poocca
330 3292 387 3366 dcci
408 3290 463 3388 ιήι
484 3295 679 3389 ἆρὲσκουσαν
700 3292 893 3389 Ἀριστάρχῳ
913 3296 1037 3366 τέλειαι
1060 3288 1191 3383 στιγμήν
1213 3295 1268 3363 καὶ
1288 3316 1327 3361 ιο

192 3407 225 3477 ἐν
240 3403 323 3498 αιίῇ
344 3405 487 3499 χρόνιζον
501 3412 556 3478 καὶ
569 3405 721 3494 στάσιμον
734 3409 792 3498 τῆς
807 3410 916 3500 φωνῆς
931 3404 1017 3496 λόγῳ
1030 3409 1140 3496 κοινῆς
1155 3408 1326 3493 συλλαβῆς.

190 3522 245 3589 Cui
273 3526 434 3589 sententiae
462 3528 540 3591 inter
570 3535 709 3591 recentes
737 3527 857 3607 Apelius
888 3525 1049 3601 (demetr.
1079 3542 1107 3606 p.
1128 3520 1208 3597 196)
1237 3531 1327 3603 atque

194 3635 346 3701 Seidlerus
358 3633 403 3717 (in
418 3638 504 3720 epist.
520 3638 558 3703 ad
569 3638 750 3703 Lobcclrium
764 3638 847 3702 Aiaci
858 3637 944 3700 huius
959 3636 1094 3701 adiuncta
1108 3654 1139 3718 p.
1148 3634 1212 3698 d35
1224 3634 1327 3715 seqq.)

194 3745 312 3829 lavent,
334 3748 414 3830 quod
436 3750 650 3831 interpunctio,
673 3750 811 3832 quoniam
834 3749 998 3812 consistere
1020 3765 1125 3810 vocem
1148 3754 1179 3811 et
1200 3746 1326 3827 aliquam

193 3877 305 3922 moram
326 3861 391 3926 lieri
408 3861 546 3944 postulet,
568 3861 721 3945 syllabam,
742 3879 820 3942 quae
842 3859 944 3925 brevis
966 3860 1014 3937 sit,
1035 3858 1190 3942 producat.
1212 3857 1325 3921 Verum

192 3969 457 4052 interpunctionem
477 3980 586 4037 tantam
608 3976 637 4035 in
658 3972 886 4037 antecedentem
909 3968 1054 4052 syllabam
1068 3976 1246 4052 potestatem
1266 3967 1326 4032 ba-

192 4080 312 4164 buisse,
332 4085 421 4148 statui
442 4086 552 4168 nequit,
573 4104 661 4168 quum
683 4102 722 4149 nc
740 4082 952 4167 apostrophum
965 4080 1083 4164 quidem
1098 4079 1250 4145 sustulerit
1264 4097 1327 4143 ne-

192 4211 252 4277 que
273 4195 311 4259 ad
332 4196 440 4261 matum
462 4197 665 4263 excusandum
686 4196 822 4263 valuerit.
1120 4293 1169 4359 μ
