3175 4817
826 288 846 351 2

266 458 431 521 Homerum
451 455 611 541 viguerunt
631 457 817 537 locutiones,
844 458 874 521 ln
895 459 1001 540 quibus
1023 460 1073 524 illa
1094 461 1209 526 heroici
1230 478 1339 526 uersus
1360 460 1401 524 li·

268 570 364 633 centia
386 575 529 650 apparel,
551 569 720 653 congessit3
750 569 809 633 sed
832 570 939 652 quibus
969 572 1100 636 terminis
1128 581 1188 635 turn
1210 590 1314 636 munus
1336 571 1401 638 eius

268 690 332 746 erat
354 681 623 761 circumscriptum,
644 681 762 766 singula
784 699 846 745 non
872 691 929 746 iarn
951 692 1145 764 pertractare,
1166 704 1254 767 quam
1276 703 1402 747 enume-

266 810 335 857 rare
356 793 460 875 potuit
504 791 618 855 Deinde
640 794 812 875 Spitznerus
843 793 880 858 de
901 795 957 857 bac
980 795 1254 887 quaestioncbene
1277 796 1399 860 meritus

267 912 330 984 cst,
359 903 587 986 quodinlibro
611 903 760 985 quamde
788 924 880 969 versu
910 906 1035 970 heroico
1064 908 1198 989 scripsit,
1227 908 1400 972 Homericos

266 1015 350 1080 locos
381 1015 431 1079 illa
462 1015 630 1079 difficultate
660 1016 827 1081 laborantes
857 1026 889 1080 ut
918 1020 1027 1101 optime
1056 1020 1199 1105 iungendi
1227 1019 1401 1084 videbantur

265 1129 434 1211 composuit
455 1127 603 1209 multaque
626 1127 665 1192 da
688 1130 818 1193 iis'scite
840 1136 869 1192 et
891 1129 980 1194 docte
1003 1130 1153 1195 disseruit.

789 1331 822 1401 §.
846 1322 876 1390 2.

367 1463 477 1526 Verum
500 1464 612 1526 nostris
633 1463 818 1544 temporibus
848 1482 937 1545 quum
967 1464 1065 1527 multis
1094 1464 1186 1544 locis,
1216 1439 1322 1546 quibus
1349 1446 1398 1528 illa

266 1574 380 1638 heroici
401 1575 509 1639 versus
530 1574 649 1638 licentia
672 1576 844 1669 apparebat,
866 1576 1032 1640 remedium
1047 1577 1163 1640 allatum
1176 1576 1224 1652 sil,
1247 1578 1316 1640 mibi
1339 1576 1399 1639 du-

265 1687 344 1750 bium
374 1706 433 1750 non
465 1688 594 1765 videtur,
622 1688 690 1769 quin
721 1688 786 1752 illas
817 1687 946 1771 syllabas
968 1690 997 1751 in
1028 1690 1205 1753 carminibus
1234 1689 1398 1754 llomericis

266 1817 381 1863 summo
403 1800 469 1863 iure
491 1799 647 1884 longarum
671 1799 736 1863 vice
759 1799 844 1884 fungi
867 1800 962 1881 possit
984 1800 1187 1866 demonstrari.
1225 1802 1394 1883 Priusquam

266 1920 363 1975 autem
385 1911 422 1974 ad
445 1912 522 1975 banc
544 1930 607 1973 rem
628 1911 813 1990 accedamus,
836 1912 1023 1993 aproposito
1037 1922 1143 1977 nostro
1158 1932 1217 1977 non
1233 1914 1397 1978 abhorrere

265 2022 385 2086 videtur
407 2040 574 2105 quaerere,
604 2041 671 2085 num
695 2023 762 2087 illae
786 2024 917 2086 rationes
940 2042 1015 2105 quas
1037 2025 1094 2087 iarn
1116 2025 1165 2088 alii
1187 2027 1339 2090 attulerint
1360 2025 1398 2090 ad

265 2134 494 2216 productionem
517 2134 735 2198 defendendam
758 2134 911 2198 subiciant.

303 2223 306 2228 ¹
372 2247 400 2312 l.
430 2247 530 2328 litque
551 2247 676 2328 primum
700 2247 820 2329 quidem
843 2247 923 2311 multi
945 2255 1014 2310 sunt
1036 2250 1086 2328 qui
1108 2255 1211 2331 putent
1233 2244 1394 2324 accentum,

266 2376 326 2439 quo
349 2357 463 2440 syllaba
485 2358 585 2420 brevis
604 2366 704 2422 notata
727 2360 775 2435 sit,
799 2359 836 2422 ad
857 2359 977 2443 longam
999 2378 1166 2446 mensuram
1189 2361 1216 2422 ei
1227 2360 1393 2424 addendam

266 2469 379 2535 valere.
402 2470 497 2543 Quam
520 2470 621 2533 laesae
644 2469 805 2551 prosodiae
829 2472 1051 2535 excusationem
1064 2473 1120 2535 ianr
1131 2471 1301 2536 Euslathius
1313 2472 1399 2535 ctiam

266 2590 356 2662 atque
379 2583 465 2644 etiarn
487 2581 576 2645 affert
598 2582 653 2655 (cl.
676 2589 831 2645 comment.
855 2582 891 2644 ad
915 2583 945 2646 ll.
968 2605 990 2646 o
1011 2582 1033 2647 l
1055 2603 1085 2665 p.
1108 2584 1160 2660 13,
1182 2605 1204 2646 α
1227 2582 1289 2647 193
1304 2579 1399 2665 pili),

267 2713 286 2776 y
308 2693 351 2756 lb
372 2712 403 2775 p.
425 2691 490 2756 380
512 2702 636 2776 elprae
658 2693 792 2757 omnibus
815 2694 912 2757 locum
934 2695 1079 2778 insignem
1094 2695 1138 2758 'ad
1161 2695 1217 2758 Od.
1241 2716 1261 2778 y
1283 2692 1347 2760 230
1368 2713 1401 2777 ρ.

269 2798 388 2884 1464),
417 2824 541 2886 eamque
570 2824 630 2868 non
660 2826 700 2870 ex
722 2807 787 2870 eius
810 2807 902 2888 ipsius
923 2809 1045 2891 ingenio
1067 2808 1251 2891 prolectam,
1280 2808 1336 2872 sed
1359 2826 1398 2871 ex

268 2925 402 2980 veterum
424 2919 614 2981 metricorum
644 2917 681 2981 de
704 2918 751 2982 bis
774 2918 896 3000 syllabis
918 2921 1086 3002 praeceptis
1109 2921 1242 2984 haustam
1266 2938 1336 2983 esse
1359 2938 1398 2982 ex

267 3047 305 3093 eo
328 3029 494 3112 intelligere
517 3030 595 3109 licet,
617 3029 696 3110 qnod
716 3030 813 3092 Draco
826 3030 1052 3095 Stratonicensis
1075 3031 1128 3105 (de
1151 3039 1235 3094 meir.
1248 3039 1400 3113 poetarum

266 3159 296 3223 p.
320 3136 340 3203 6
362 3158 450 3223 seqq.
473 3148 503 3204 ct
524 3160 553 3222 p.
579 3141 657 3214 tls)
688 3140 746 3203 hoc
774 3150 938 3224 praccepta
968 3158 1034 3206 cum
1065 3143 1114 3206 illo
1144 3161 1239 3224 paene
1262 3143 1399 3207 concinit

266 3253 349 3315 llanc
371 3261 504 3316 veterum
527 3253 713 3332 sententiam,
736 3260 860 3317 accentu
882 3253 946 3317 lieri
968 3262 999 3316 ut
1020 3272 1082 3318 vox
1104 3254 1211 3317 diutius
1233 3255 1262 3317 in
1284 3255 1401 3337 syllaba

266 3371 427 3443 remaneat,
446 3363 599 3446 amplexus
622 3364 866 3428 estHermannus
889 3364 945 3438 (ci.
969 3365 1055 3429 elem.
1073 3366 1166 3429 doctr.
1183 3373 1268 3431 meir.
1284 3385 1314 3449 p.
1331 3363 1402 3441 26).

267 3474 361 3540 Cuius
390 3476 552 3539 auctoritas
582 3494 746 3558 quanquam
775 3477 805 3540 in
835 3477 967 3542 doctrina
990 3478 1111 3542 metrica
1133 3478 1289 3560 plurimum
1312 3478 1402 3557 valet,

265 3594 379 3652 tantum
402 3588 490 3652 abest
510 3595 544 3651 ui
566 3588 710 3673 egregiae
733 3589 903 3673 sagacitatis
926 3589 1030 3653 critico
1053 3608 1138 3671 quarn
1160 3598 1401 3674 argumentorum

265 3700 393 3784 ponderi
415 3699 501 3763 lidem
524 3700 637 3764 habere
660 3700 772 3777 malina,
803 3709 835 3765 ut
865 3720 931 3765 cum
953 3701 1111 3766 blattbiaeo
1134 3703 1270 3785 (gramm.
1294 3701 1399 3766 Graec.

265 3830 296 3893 p.
315 3809 372 3887 2l)
396 3819 427 3875 et
447 3812 620 3876 Ruttmanno
644 3814 781 3897 (gramm.
794 3812 902 3878 Graec.
924 3814 1027 3877 maior.
1052 3811 1102 3895 17,
1125 3815 1166 3879 nt
1183 3816 1299 3888 annot)
1321 3814 1399 3879 illam

264 3925 439 3988 sententiam
462 3942 587 4007 prorsus
609 3924 800 3988 reiiciendam
822 3943 891 3989 esse
912 3944 1087 4009 persuasum
1111 3925 1245 3991 babeam.
1280 3926 1396 3991 Etenim

265 4036 390 4117 primum
411 4036 467 4100 hac
488 4037 526 4099 dc
547 4056 581 4100 re
602 4055 662 4100 non
689 4034 791 4101 dubito
822 4038 893 4120 quin
921 4054 1025 4103 omnes
1054 4055 1169 4102 mecum
1200 4038 1397 4115 consentiant,

265 4145 399 4213 Graecos
421 4156 573 4221 accentum
601 4148 631 4213 in
661 4147 799 4214 versibus
819 4149 978 4215 recitandis
1000 4158 1052 4215 aut
1082 4150 1200 4215 omnino
1223 4149 1396 4234 neglexisse
