3175 4817
736 319 777 387 tt

142 501 143 504 ’
188 500 422 569 succurrendum
445 515 514 563 esse
530 514 644 580 manes
665 497 796 559 rationes
823 496 934 576 ebulit,
956 498 1061 578 quibus
1082 499 1209 564 Woliius
1231 502 1323 584 (prol.

187 631 258 678 nur.
278 615 365 677 llum.
388 610 438 674 ed.
460 629 490 691 p.
511 603 570 690 63)
600 615 635 671 et
656 607 815 671 Jacobsius
844 606 888 691 (in
911 609 1007 689 praei.
1030 611 1148 676 Anthol.
1177 612 1227 677 ed.
1254 631 1324 679 nor.

188 724 341 810 pxxx)
364 723 531 787 concinunt.
559 721 666 801 Neque
690 728 788 783 tamen
811 721 982 802 accipienda
1004 731 1051 787 est
1070 724 1323 791 Hermannisen-

187 839 381 917 teutiaseam
409 835 536 898 liberam
560 832 663 896 multis
693 831 786 912 locis,
815 833 865 895 nbi
886 835 932 897 vis
954 836 1020 897 eius
1049 853 1108 898 non
1130 836 1323 919 desideratur,

186 948 397 1017 restituendam
421 966 509 1025 esse,
531 954 563 1009 ut
585 944 773 1008 scribendum
796 947 834 1009 sit
853 945 887 1011 ll.
909 946 932 1027 β
954 947 1034 1013 orta
1078 937 1209 1032 quedg
1229 947 1259 1013 δ’
1282 932 1323 1014 αι’

186 1054 341 1146 Σύμηθεν
363 1053 438 1143 ἄγεν
457 1058 543 1142 τρεῖς
562 1057 641 1140 νῆας
661 1050 762 1132 dioec.
791 1058 865 1122 Nam
895 1076 954 1121 non
976 1059 1071 1122 solum
1094 1061 1225 1126 codicum
1248 1081 1326 1125 anco

186 1176 292 1239 toritas
323 1174 437 1250 obstat,
476 1170 530 1234 sed
559 1170 646 1232 etiam
674 1168 839 1233 Aristarchi
870 1188 1013 1251 expressa
1043 1176 1204 1252 sententia,
1236 1175 1323 1238 culus

186 1288 367 1352 auctoritate
389 1285 509 1348 scholia
531 1282 645 1344 Veneta
675 1281 714 1345 ad
747 1279 826 1345 bunc
848 1281 946 1345 locum
969 1283 1044 1345 illam
1068 1287 1243 1349 senentiam
1266 1287 1325 1348 inn-

188 1400 324 1483 prnhant
368 1397 441 1459 'l'um
465 1403 533 1459 ante
557 1395 620 1457 illas
641 1392 775 1467 radices,
797 1413 920 1474 quarum
943 1394 1029 1458 frons
1051 1397 1146 1461 multis
1165 1399 1243 1462 locis
1265 1399 1323 1462 nim

188 1512 299 1576 breves
326 1508 454 1592 syllabas
477 1498 661 1588 producendi
683 1506 788 1578 habet,
819 1507 940 1589 syllabis
961 1529 978 1568 ν
1001 1507 1087 1571 finale
1116 1527 1176 1572 non
1207 1510 1325 1573 adden-

190 1623 258 1687 dum
289 1630 353 1700 est,
384 1639 473 1701 quum
495 1618 654 1683 verisimile
678 1619 728 1694 sit,
758 1619 803 1679 bis
833 1618 906 1680 locis
935 1619 1041 1684 endem
1071 1622 1137 1685 iure
1160 1641 1195 1684 ao
1217 1624 1325 1685 ceteris

189 1735 321 1818 syllabae
344 1734 426 1796 bravi
448 1733 568 1815 longam
591 1748 757 1793 mensuram
781 1730 858 1792 addi.
893 1729 1015 1812 ltaque,
1037 1741 1068 1795 ut
1090 1734 1227 1813 exemplo
1249 1741 1326 1812 utar,

191 1847 222 1912 ll.
245 1869 262 1910 ν
287 1844 349 1910 178
371 1840 466 1909 ἔπεσε
488 1838 601 1926 μελίη,
634 1842 690 1906 Od.
714 1862 731 1905 a
754 1839 814 1905 291
840 1832 955 1926 ξύναγε
979 1840 1113 1929 νεφέλην
1142 1844 1327 1908 scribendum

189 1959 315 2022 videtur.

294 2069 366 2134 l'um
388 2068 454 2131 illae
477 2055 610 2150 syllabae
632 2064 667 2128 ad
682 2074 814 2129 nostram
831 2066 1071 2131 dissertationem
1094 2070 1246 2152 pertinere
1267 2087 1328 2132 non

190 2180 346 2259 videntur,
378 2199 455 2262 quae
478 2188 545 2261 post
575 2178 748 2261 particulam
772 2174 833 2253 ἕως
854 2180 1071 2261 producuntur,
1098 2190 1131 2266 ut
1154 2182 1187 2245 ll.
1210 2204 1232 2245 n
1256 2178 1328 2261 193,

189 2316 208 2355 κ
231 2293 292 2357 507
316 2289 377 2368 ἕως
399 2281 418 2357 ὁ
440 2287 526 2355 ταῦτ’
550 2292 685 2371 aliisque.
722 2291 817 2354 Recte
840 2293 917 2354 enim
941 2294 1110 2357 Eustatbius
1134 2288 1177 2376 (p.
1199 2290 1259 2373 80,
1282 2288 1329 2374 1),

190 2407 274 2470 cuius
305 2406 334 2467 in
366 2406 510 2467 sententia
544 2405 707 2486 acquiescit
730 2405 916 2466 hermannus
940 2400 991 2486 (de
1013 2414 1096 2470 metr.
1119 2426 1149 2488 p.
1172 2403 1230 2481 87)
1237 2449 1250 2484 ,
1277 2406 1328 2469 iu·

192 2518 280 2595 dicat,
310 2518 388 2581 illam
412 2516 581 2597 particulam
620 2519 649 2579 in
680 2518 810 2578 Homero
842 2516 1014 2580 trochaeum
1050 2517 1182 2581 efficere.
1227 2519 1327 2599 Atque

191 2629 278 2693 facile
311 2649 349 2692 ex
379 2637 484 2692 vetere
514 2630 659 2711 scriptura
683 2630 769 2692 ΕΟΣ
797 2637 922 2710 utraque
952 2628 1046 2691 forma
1075 2639 1105 2693 et
1134 2624 1195 2705 ἕως
1222 2638 1252 2692 et
1272 2610 1329 2712 ἧος

191 2741 255 2818 (vel
277 2731 355 2817 εἷος)
378 2740 500 2822 prodire
522 2743 626 2822 potuit.
669 2742 780 2805 Verum
804 2740 925 2805 formam
947 2722 1005 2823 ἧος
1027 2759 1064 2804 eo
1085 2744 1179 2824 magis
1202 2742 1328 2807 dialecto

191 2854 366 2917 Homericae
401 2852 620 2933 adiudicamus,
658 2853 738 2934 quod
771 2852 890 2916 Curtius
921 2853 1091 2917 adverbium
1122 2857 1328 2919 Sanscriticum

190 2966 299 3047 yut—vat
329 2965 497 3046 (quamdiu)
529 2972 558 3028 et
585 2965 721 3027 Doricam
752 2966 875 3027 formam
904 2946 944 3040 ἇς
966 2967 1020 3038 (ex
1042 2946 1147 3040 deoc)
1176 2986 1241 3029 cum
1272 2950 1330 3050 ἧος

192 3077 285 3142 forma
310 3095 483 3158 comparans
505 3076 642 3148 ostendit,
665 3096 729 3139 eam
751 3078 948 3157 antiquiorem
971 3096 1041 3141 esse
1064 3076 1116 3154 (cl.
1130 3080 1205 3143 Mus.
1229 3080 1327 3143 libem.

194 3187 275 3253 18n5
298 3190 319 3255 1.
350 3190 370 3254 2
401 3198 430 3253 et
452 3189 550 3273 Bergk
569 3188 670 3251 Philol.
693 3187 732 3251 xl
763 3185 855 3262 382).
892 3188 982 3253 Certe
1005 3190 1164 3271 simplicior
1187 3199 1234 3254 est
1254 3192 1331 3256 haec

190 3302 283 3374 ratio,
312 3319 398 3381 quam
423 3302 576 3365 multorum
599 3301 727 3381 pericula
751 3300 941 3374 emendandi,
972 3321 1049 3381 quae
1071 3305 1224 3386 congessit
1245 3303 1330 3386 lley·

188 3415 258 3477 nius
281 3412 331 3484 (lV
354 3433 384 3495 p,
407 3410 469 3491 68,
496 3414 562 3488 69).
601 3412 709 3493 ltaque
731 3412 843 3492 torma,
872 3432 949 3493 quae
980 3415 1152 3477 trochaeum
1183 3415 1282 3494 efficit,
1311 3434 1330 3478 a

185 3526 327 3590 halbero
346 3534 381 3588 et
402 3525 553 3590 Dindorho
584 3525 650 3596 (ed.
680 3524 732 3599 Ν)
755 3525 891 3588 omnibus
920 3524 1006 3588 hules
1033 3527 1161 3609 generis
1182 3526 1256 3589 locis
1275 3545 1334 3589 re-

187 3640 291 3702 stituta
314 3645 370 3702 ast

296 3750 430 3829 Denique
461 3747 499 3811 de
526 3748 649 3831 syllabis
679 3750 708 3813 iu
737 3771 750 3812 ι
780 3749 870 3813 dativi
902 3749 1007 3812 tertiae
1037 3747 1238 3813 desinentibus
1268 3768 1330 3813 non

193 3861 396 3942 disputandum
412 3869 470 3939 est,
486 3879 582 3942 quum
604 3861 663 3925 hoc
683 3861 822 3925 suffixum
838 3862 956 3924 Homeri
979 3867 1074 3923 aetate
1097 3863 1222 3942 ancipite
1245 3879 1328 3923 men·

193 3991 262 4038 sura
284 3990 462 4038 usumesse
486 3973 632 4038 uideatur.
673 3974 748 4038 Nam
778 3982 808 4037 et
829 3975 859 4035 in
881 3973 957 4036 thesi
978 3991 1070 4055 saepe
1091 3973 1200 4036 hiatum
1223 3973 1334 4037 admit·

195 4086 228 4149 tit
249 4084 294 4161 [ll.
318 4107 340 4148 α
362 4085 445 4162 578,
467 4087 491 4167 β
512 4086 551 4167 6,
574 4106 594 4168 y
615 4087 689 4162 alt,
712 4082 732 4148 d
755 4083 829 4163 lat,
849 4106 868 4149 e
890 4083 943 4164 50,
966 4080 985 4162 ζ
1009 4082 1081 4164 112,
1101 4108 1122 4167 η
1146 4083 1195 4163 11,
1217 4086 1245 4147 b
1267 4086 1332 4149 514

190 4196 331 4280 allisque)
364 4205 393 4259 et
414 4199 444 4261 in
474 4201 533 4262 ausi
554 4198 730 4280 frequenter
762 4206 830 4262 ante
851 4216 960 4277 voces,
991 4206 1058 4262 ante
1086 4216 1160 4279 quas
1183 4216 1331 4279 nunquam

1077 4298 1098 4364 2
