3175 4817
762 358 783 423 7

210 550 275 597 rum
297 551 493 598 consonarum
515 533 662 616 positione
684 530 847 613 productae
869 538 985 608 assent,
1007 538 1111 611 postea
1133 530 1336 611 productionis

205 662 296 708 causa
318 653 461 709 carerent.
503 645 633 709 Eandem
665 644 702 707 ob
732 662 854 707 oausam
883 642 1004 706 Plautus
1034 642 1185 723 ceterique
1214 652 1337 708 veteres

203 766 310 839 poetae
333 756 427 820 Latini
449 758 624 839 saepissime
646 757 676 818 in
698 754 868 838 prosodiam
891 772 1018 834 peccare
1047 753 1116 817 olim
1145 754 1335 840 videbantur3

202 868 258 933 sed
281 886 360 931 nunc
381 876 538 950 postquam
560 867 693 931 remedia
722 865 760 929 ad
793 868 902 930 veteris
924 865 1042 950 linguae
1063 865 1183 929 Latinae
1205 864 1334 930 indolem

202 979 440 1062 cognoscendam
462 988 562 1061 parata
585 988 665 1055 suut,
687 978 859 1061 prosodiam
881 978 995 1043 illorum
1018 986 1075 1041 tam
1095 977 1247 1040 stabilitam
1267 996 1336 1042 essa

201 1108 238 1155 ac
260 1091 315 1154 sibi
345 1099 483 1155 constare
512 1100 610 1174 patet,
640 1110 726 1173 quam
756 1090 884 1176 linguam
906 1090 1046 1153 tluctuarc
1068 1097 1157 1170 atque
1179 1090 1335 1170 ancipitem

201 1221 271 1266 esse
293 1192 486 1285 conspicitur.
519 1204 622 1286 ltaque
644 1204 670 1267 si
693 1203 758 1283 quis
781 1202 819 1265 de
842 1202 960 1265 Homeri
982 1200 1121 1282 prosodia
1144 1201 1208 1265 vult
1230 1220 1336 1284 agera,

202 1315 357 1376 maximam
380 1332 478 1378 curam
501 1315 640 1378 adbibere
664 1313 766 1392 debet,
787 1322 820 1377 ut
842 1313 952 1376 turmas
974 1331 1093 1387 vocum,
1116 1313 1219 1394 quales
1242 1320 1338 1376 aetate

200 1424 322 1488 Homeri
345 1426 503 1509 viguerint,
525 1427 670 1490 restituat.
714 1426 820 1505 Neque
843 1443 917 1488 vero
940 1424 1120 1507 cogitatione
1143 1423 1199 1486 bae
1221 1423 1337 1487 formae

201 1538 338 1602 constitui
361 1546 504 1618 possunt,
533 1547 564 1601 ut
589 1537 687 1600 studia
708 1537 849 1617 Lennepii
873 1535 1057 1616 aliorumque
1080 1537 1209 1598 virorum
1232 1535 1335 1599 docto-

201 1668 278 1727 rum,
301 1650 412 1731 quippe
435 1649 484 1731 qui
506 1651 534 1711 in
557 1650 672 1731 origine
694 1667 799 1712 vocum
815 1648 943 1711 notanda
958 1646 1016 1710 bne
1031 1647 1208 1726 exciderint,
1230 1655 1337 1710 osten-

202 1759 293 1836 dunt,
323 1760 377 1823 sed
399 1758 499 1824 fontes
527 1759 689 1841 quaerendi
718 1768 805 1837 sunt,
835 1758 914 1822 unde
943 1778 1045 1824 veram
1075 1766 1105 1821 et
1133 1759 1336 1842 primigeniam

202 1890 311 1935 vocum
334 1873 465 1953 speciem
489 1871 667 1954 depromere
688 1873 848 1954 possimus.

725 2070 756 2139 S.
779 2068 811 2131 d.

307 2204 406 2283 Atque
429 2205 552 2285 primum
576 2203 691 2285 quidem
714 2207 842 2286 optimus
870 2203 937 2268 fons
968 2203 1128 2268 turmarum
1152 2206 1337 2285 antiquarum

201 2324 271 2379 suut
294 2315 421 2378 dialecti.
443 2317 514 2379 Nam
537 2334 629 2398 saepe
650 2315 692 2395 nt,
715 2324 745 2379 ut
767 2316 841 2379 aliae
864 2316 979 2380 dialecti
991 2336 1031 2380 ex
1046 2317 1146 2401 lingua
1163 2318 1338 2400 primigenia

204 2426 316 2491 formas
338 2429 499 2506 retineant,
530 2445 608 2508 quae
640 2447 680 2491 ex
709 2427 842 2492 dialectis
875 2429 994 2492 aliarum
1024 2430 1157 2510 stirpium
1190 2430 1285 2492 minus
1307 2430 1337 2493 iu

168 2577 172 2584 ,
205 2538 366 2602 retinendis
407 2539 510 2603 formis
551 2540 677 2620 antiquis
718 2541 863 2603 tenacium
903 2559 1029 2622 prorsus
1063 2548 1256 2603 evanuerunt.
1301 2541 1339 2605 Ut

206 2650 345 2732 exemplo
367 2659 449 2730 utar,
480 2650 623 2716 dialectos
651 2651 772 2715 Aeolica
803 2654 923 2717 retinuit
947 2652 990 2738 βρ
1019 2652 1150 2732 aliasque
1173 2652 1284 2716 litteras
1308 2654 1337 2716 in

205 2759 305 2822 fronte
327 2780 432 2824 uocum
456 2764 580 2844 positas,
603 2764 653 2845 qui
675 2763 836 2827 litterarum
857 2782 930 2829 usus
953 2766 1009 2827 iam
1032 2783 1071 2826 ex
1092 2764 1196 2827 Jonica
1211 2763 1349 2842 dialecto

200 2871 299 2935 exulat
340 2874 435 2954 Atque
457 2877 486 2937 in
509 2884 611 2939 nostra
634 2880 811 2957 quaestione
834 2885 994 2959 propterea
1018 2895 1123 2960 magna
1148 2875 1338 2940 diale'otorum

201 2985 278 3048 ratio
300 2984 437 3048 babenda
461 2994 521 3063 est,
549 2986 630 3068 quod
653 2996 768 3051 constat
791 2988 933 3052 dialectos
956 2989 1076 3052 Homeri
1100 2996 1196 3052 aetate
1218 3007 1278 3052 uon
1298 2991 1338 3052 ita

201 3097 324 3160 multum
346 3099 425 3160 inter
446 3116 480 3161 se
503 3097 702 3181 discrepnisse
729 3100 785 3173 (ct.
808 3101 967 3164 Hermann.
991 3100 1096 3164 Graec.
1119 3102 1190 3185 ling.
1215 3099 1281 3163 diat,
1306 3119 1338 3182 p.

200 3207 250 3286 V).
272 3209 385 3273 Verum
407 3209 442 3271 ad
466 3210 606 3298 dialectos
628 3212 857 3295 cognoscendas
880 3211 1011 3276 remedia
1035 3212 1219 3291 deficiebant,
1242 3213 1339 3276 donec

202 3321 313 3384 nostris
335 3322 518 3403 temporibus
540 3323 707 3387 Abrensius
730 3324 840 3408 insigni
863 3326 1024 3408 sagacitate
1036 3326 1223 3405 maximoque
1235 3325 1338 3387 labore

201 3430 362 3495 doctrinam
386 3431 424 3498 da
447 3434 579 3499 dialectis
602 3434 735 3517 perfecit.

248 3629 251 3634 Ι
305 3543 336 3607 2.
368 3544 454 3609 Alter
475 3545 554 3625 lons,
577 3566 617 3610 cx
639 3564 698 3628 quo
721 3547 797 3610 illam
822 3566 878 3628 qua
899 3547 1048 3611 llomerus
1070 3565 1143 3609 usus
1167 3554 1212 3610 est
1232 3566 1337 3611 vocum

200 3651 326 3717 lormam
349 3655 469 3719 haurire
490 3675 662 3739 possumus,
685 3667 754 3722 sunt
776 3661 968 3744 grammatici.
991 3658 1051 3725 Sed
1067 3660 1096 3723 bi
1110 3677 1197 3740 quum
1211 3659 1338 3722 carmina

199 3764 357 3829 Homerica
388 3766 492 3831 Jonica
522 3768 649 3831 dialecto
679 3773 840 3853 composita
870 3790 941 3835 esse
969 3770 1197 3848 arbitrarentur,
1232 3786 1337 3834 omnes

198 3875 311 3941 tornac
335 3878 372 3942 ab
394 3878 518 3943 Jouioae
548 3879 664 3944 dialecti
696 3899 754 3946 usu
783 3890 912 3947 remotas
944 3901 983 3945 ex
1005 3883 1129 3946 Aeolica
1159 3889 1208 3944 ant
1229 3881 1338 3945 Dorion

196 3995 248 4052 aut
269 3988 326 4052 alia
350 3988 486 4070 dialecto,
509 3993 593 4055 ouius
615 3991 719 4056 formis
733 3992 848 4057 iormaa
864 3993 1038 4057 Homericae
1060 4001 1144 4058 erant
1165 3992 1337 4070 simillimae,

195 4100 305 4182 petitas
328 4119 399 4165 esse
413 4104 543 4184 professi
559 4111 638 4169 sunt
661 4102 844 4187 Quamquam
860 4107 891 4168 in
902 4105 999 4169 medio
1013 4106 1142 4187 positum
1160 4113 1208 4168 est
1223 4103 1338 4167 llome-

197 4226 264 4274 rum
286 4211 376 4276 talem
398 4216 548 4280 vanarum
570 4197 731 4280 formarum
754 4216 933 4302 farraginem
957 4222 1183 4300 componentem
1199 4233 1258 4277 non
1271 4233 1337 4277 ma-
